1592 2592
602 193 732 225 13001(
768 194 815 224 11.
855 197 889 234 1,
924 197 965 225 2.

619 358 862 399 CARMEN
893 359 951 398 11.

466 473 523 501 AD
551 473 586 501 C.
617 473 880 501 SALLUSTIUM
910 473 1109 502 CRISPUM.

376 550 553 589 Nonus
580 557 742 601 argento
771 551 880 589 color
908 557 968 589 est
995 551 1121 590 avaris

374 612 527 652 Abdito
555 613 676 661 terris,
709 613 869 652 inimice
897 613 1053 652 lamnae

373 674 512 725 Crispe
540 675 711 722 Sallusti,
745 675 820 714 nisi
849 683 1068 726 temperato

529 737 745 787 Splendeat
770 750 856 776 usu.

373 797 492 836 Vivet
519 805 679 838 extento
710 799 938 839 Proculeius
965 812 1076 848 aevo,

374 860 503 898 Notus
532 861 572 898 in
600 854 736 900 fratres
764 862 885 900 animi
918 864 1094 912 patemi;

375 921 493 960 Illum
522 930 610 973 aget
639 935 771 974 penna
800 932 1002 963 metuente
1031 926 1129 964 solvi

534 986 656 1024 Fama
684 994 892 1036 superstes.

373 1046 508 1085 Latius
537 1059 675 1098 regnes
702 1048 863 1095 ayidum
892 1049 1097 1089 domando

373 1108 570 1158 Spiritum,
602 1123 721 1161 quam
750 1111 783 1149 si
813 1111 979 1162 Libyam
1008 1113 1169 1152 remotis

373 1170 552 1210 Gadibus
582 1173 730 1224 iungas,
762 1180 800 1212 et
829 1181 994 1224 uterque
1023 1176 1180 1215 Poenus

535 1234 683 1273 Serviat
713 1236 793 1275 uni.

373 1296 524 1335 Crescit
552 1297 760 1348 indulgens
790 1298 864 1337 sibi
894 1299 1001 1337 dirus
1031 1300 1214 1351 hydrops,

371 1358 459 1396 Nec
486 1359 590 1396 sitim
619 1359 739 1408 pellit,
771 1361 845 1398 nisi
874 1373 992 1399 causa
1021 1361 1150 1401 morbi

372 1419 529 1469 Fugerit
558 1421 668 1459 venis
697 1428 736 1460 et
764 1434 937 1472 aquosus
964 1422 1058 1462 albo

532 1483 709 1532 Corpore
738 1479 912 1534 lan‘guor.

374 1543 592 1582 Redditum
622 1545 713 1594 Cyri
744 1546 844 1584 solio
873 1547 1079 1596 Phraaten,

373 1604 580 1644 Dissidens
610 1606 727 1656 plebi,
760 1620 926 1647 numero
957 1609 1160 1650 beatorum

372 1667 518 1705 Eximit
548 1668 682 1707 Virtus
713 1670 986 1720 populumque
1014 1673 1119 1711 salsis

533 1734 714 1773 Dedocet
743 1736 798 1773 uti

369 1797 557 1846 Vocibus,
587 1811 751 1849 regnum
780 1807 819 1839 et
848 1801 1032 1841 diadema
1060 1810 1191 1843 tutum

372 1859 564 1899 Deferens
592 1861 661 1899 uni
689 1863 968 1914 propriamque
997 1865 1162 1915 laurum,

370 1922 561 1972 Quisquis
590 1923 769 1973 ingentes
799 1926 916 1964 oculo
944 1926 1121 1968 irretorto

529 1984 688 2033 Spectat
715 1998 886 2025 acervos.

1375 200 1424 239 25

1382 1132 1422 1154 10

1379 1760 1420 1781 20
