1592 2592
234 188 285 226 34

577 183 675 213 THE
711 183 832 213 ODES
869 182 929 213 OF
966 183 1174 214 HORACE.

403 290 564 328 Flevere
593 293 760 339 semper.
823 289 974 328 Desine
1004 289 1186 328 mollium
1218 271 1227 279 ⁰

402 352 585 390 Tandem
615 352 890 401 querellarum,
924 358 963 390 et
992 352 1124 401 potius
1153 363 1256 390 nova

456 414 676 454 Cantemus
707 415 874 464 Augusti
904 421 1066 464 tropaea

510 477 690 517 Caesaris
720 484 759 516 et
788 477 958 527 rigidum
989 477 1202 527 Niphaten,

403 540 654 590 Medumque
683 540 832 578 flumen
863 539 1049 590 gentibus
1077 539 1260 578 additum

402 603 528 641 Victis
558 603 731 642 minores
760 604 917 642 volvere
939 602 1122 650 vertices,

457 666 646 715 Intraque
674 666 959 715 praescriptum
990 665 1170 704 Gelonos

510 728 673 778 Exiguis
687 728 878 778 (equitare
907 727 1070 777 campis.

694 977 968 1017 CARMEN
1001 978 1050 1016 X.

718 1097 774 1123 AD
805 1096 1016 1124 LICINIUM.

403 1181 592 1218 RECTms
622 1179 739 1226 vives,
774 1179 911 1225 Licini,
945 1191 1075 1228 neque
1104 1178 1226 1216 altum

402 1243 566 1291 Semper
594 1241 773 1291 urgendo
803 1253 945 1290 neque,
977 1241 1073 1279 dum
1103 1239 1296 1290 procellas

403 1305 554 1344 Cautus
584 1304 789 1351 horrescis,
821 1303 987 1341 nimium
1016 1302 1236 1353 premendo

513 1367 624 1405 Litus
654 1367 847 1416 iniquum.

399 1432 573 1469 Auream
604 1429 784 1479 quisquis
814 1428 1128 1467 mediocritatem

402 1493 551 1543 Diligit,
581 1498 690 1531 tutus
719 1499 824 1530 caret
853 1491 1022 1530 obsoleti

402 1555 593 1594 Sordibus
622 1555 726 1602 tecti,
758 1561 864 1592 caret
894 1553 1109 1592 invidenda

511 1617 673 1656 Sobrius
702 1617 802 1655 aula.

402 1681 567 1730 Saepius
597 1680 723 1718 ventis
752 1679 919 1729 agitatur
947 1679 1086 1728 ingens

403 1743 536 1790 Pinus,
568 1749 607 1780 et
635 1742 764 1780 celsae
791 1741 967 1790 graviore
996 1753 1090 1778 casu

404 1805 605 1843 Decidunt
634 1811 769 1850 turres,
802 1804 1024 1852 feriuntque
1052 1813 1230 1840 summos

511 1866 681 1916 Fulgura
710 1872 878 1903 montes.

404 1929 542 1979 Sperat
570 1928 734 1975 infestis,
768 1927 906 1965 metuit
936 1926 1120 1964 secundis

402 1992 578 2029 Alteram
608 1998 753 2029 sortem
784 1989 887 2028 bene
916 1994 1189 2038 praeparatum

403 2055 570 2092 Pectus·
617 2054 812 2091 Informes
841 2052 991 2090 hiemes
1022 2051 1174 2090 reducit

512 2116 699 2165 Iuppiter,
732 2115 838 2153 idem

402 2179 644 2217 Summovet.
705 2179 812 2224 Non,
841 2177 871 2215 si
901 2177 1004 2214 male
1033 2188 1151 2222 nunc,
1183 2181 1221 2213 et
1250 2174 1345 2213 olim

401 2241 466 2279 Sic
494 2241 576 2279 erit.
635 2239 852 2288 Quondam
882 2239 1031 2277 cithara
1059 2245 1257 2276 tacentem

402 2303 571 2341 Suscitat
600 2315 754 2340 musam
785 2313 915 2351 neque
945 2312 1100 2350 semper
1127 2312 1262 2338 arcum

508 2365 656 2403 Tendit
686 2364 841 2414 Apollo.

1467 493 1509 516 20

1467 1753 1506 1777 10

1463 2064 1502 2098 15

1460 2375 1502 2398 20
