1592 2592
585 160 715 192 BOOK
749 160 779 192 1.
801 164 867 204 37,
889 150 955 204 38.

308 261 446 300 Remis
472 260 678 310 adurgens,
708 259 894 309 accipiter
920 259 1027 298 velut

307 325 454 364 Molles
479 323 685 363 columbas
710 330 779 362 aut
805 324 981 374 leporem
1007 324 1110 362 citus

359 387 536 426 Venator
562 386 603 424 in
629 386 781 436 oempis
808 386 947 424 nivalis

414 448 675 495 Haemoniae,
705 448 817 487 daret
844 454 888 486 ut
915 447 1066 486 catenis

307 510 442 549 Fatale
470 517 715 549 monstrum:
743 521 847 559 quae
873 509 1103 560 generosius

307 573 438 612 Perire
464 583 658 623 quaerens
686 584 761 610 nec
789 570 1031 610 muliebriter

360 635 527 684 Expavit
555 647 692 673 ensem
721 646 796 673 nec
823 635 991 672 latentes

413 697 550 737 Classe
577 697 654 734 cita
682 697 872 747 reparavit
900 708 998 734 oras.

306 760 415 796 Ausa
442 765 482 797 et
510 758 704 797 iacentem
732 758 857 797 visere
885 758 1032 808 regiam

307 821 430 858 Voltu
457 832 609 867 sereno,
638 820 749 859 sortis
776 827 816 859 et
843 832 1002 870 asperas

360 883 546 921 Tractare
574 889 786 932 serpentes,
817 888 861 920 ut
888 889 1016 920 atrum

414 945 592 994 Corpore
619 943 866 983 combiberet
894 956 1104 990 venenum,

310 1006 537 1045 Deliberata
564 1014 692 1045 morte
719 1006 887 1045 ferocior
898 1020 911 1054 ;

307 1068 441 1107 Saevis
470 1068 654 1108 Liburnis
681 1069 830 1107 scilicet
857 1068 1039 1107 invidens

362 1131 516 1169 Privata
544 1131 689 1170 deduci
718 1129 890 1181 superbo

415 1193 508 1231 Non
537 1193 695 1231 humilis
723 1193 863 1231 mulier
889 1191 1101 1242 triumpho.

520 1359 763 1398 CARMEN
789 1359 1031 1397 XXXVIII.

633 1465 691 1491 AD
720 1465 914 1492 PUERUM.

309 1550 513 1587 PERsoeos
541 1549 620 1595 odi,
650 1561 758 1597 puer,
788 1555 1009 1598 apparatus,

310 1610 530 1658 Displicent
558 1622 681 1648 nexae
709 1610 860 1659 philyra
887 1623 1057 1649 coronae
1070 1625 1082 1658 ;

309 1671 426 1709 Mitte
452 1671 602 1718 sectari,
632 1684 720 1709 rosa
747 1684 829 1722 quo
856 1673 1032 1710 locorum

414 1733 508 1771 Sera
530 1740 713 1772 moretur.

307 1794 483 1843 Simplici
511 1800 638 1844 myrto
666 1794 765 1832 nihil
791 1794 985 1834 allabores

307 1856 475 1894 Sedulus
502 1868 622 1895 curo:
650 1868 782 1906 neque
809 1864 849 1895 te
876 1857 1099 1895 ministrum

309 1917 488 1956 Dedecet
515 1926 674 1967 myrtus,
703 1931 836 1968 neque
863 1930 929 1957 me
955 1917 1031 1957 sub
1058 1925 1141 1956 arta

414 1977 506 2015 Vite
535 1976 748 2017 bibentem.

1365 463 1405 485 20

1366 774 1404 804 ²5
