1592 2592
499 177 595 207 THE
631 175 753 206 ODES
788 176 848 206 OF
885 174 1091 206 HORACE.

375 280 596 328 Utcunque
622 283 774 316 mutata
800 283 983 327 potentes

429 342 552 381 Veste
580 341 723 379 domos
752 339 912 377 inimica
941 338 1099 389 linquis.

321 405 375 443 At
403 403 540 454 volgus
569 402 737 441 infidum
765 409 804 440 et
832 401 1013 440 meretrix
1040 407 1144 440 retro

323 466 481 504 Periura
509 465 642 513 cedit3
670 464 880 514 diffugiunt
908 463 1017 502 cadis

376 529 481 568 Cum
510 529 619 566 faece
648 526 802 565 siccatis
830 526 947 564 amici

430 591 547 629 Ferre
574 589 710 640 iugum
739 589 883 639 pariter
909 588 1049 627 dolosi.

321 657 459 696 Serves
488 656 633 694 iturum
663 654 875 694 Caesarem
904 654 945 691 in
975 653 1138 691 ultimos

321 719 440 758 Orbis
470 718 680 756 Britannos
709 723 748 755 et
775 717 963 754 iuvenum
992 727 1130 754 recens

376 781 555 819 Examen
585 779 681 818 Eois
709 778 933 817 timendum

431 841 611 881 Partibus
641 841 887 890 Oceanoque
915 839 1045 879 rubro.

322 906 437 944 Eheu
465 904 691 943 cicatricum
721 910 761 942 et
789 903 945 941 sceleris
972 903 1096 952 pudet

323 969 593 1016 Fratrumque.
650 966 760 1015 Quid
789 977 862 1003 nos
891 965 990 1003 dura
1017 963 1230 1013 refugimus

375 1030 525 1068 Aetas?
553 1029 650 1078 quid
678 1029 869 1066 intactum
898 1027 1038 1065 nefasti

431 1091 671 1141 Liquimus?
699 1090 807 1128 unde
836 1099 999 1127 manum
1028 1089 1211 1126 iuventus

323 1156 437 1193 Metu
466 1155 633 1192 deorum
661 1152 887 1191 continuit?
915 1150 1061 1201 quibus

323 1216 502 1266 Pepercit
529 1216 634 1253 aris?
690 1214 727 1253 O
756 1214 906 1251 utinam
936 1225 1039 1251 nova

378 1277 531 1316 Incude
559 1277 740 1326 diffingas
768 1283 943 1314 retusum
972 1275 1013 1312 in

432 1340 675 1390 Massagetas
703 1338 935 1388 Arabasque
962 1337 1118 1376 ferrum.

562 1662 806 1702 CARMEN
834 1659 1027 1699 XXXVI.

445 1787 490 1813 ΙΝ
520 1785 731 1813 HONOREM
761 1783 896 1810 PLOTII
927 1781 1138 1809 NUMIDAE.

325 1893 387 1930 ET
415 1892 529 1929 thure
557 1897 596 1928 et
626 1888 771 1927 fidibus
799 1888 905 1925 iuvat

379 1954 538 1991 Placare
566 1958 605 1990 et
634 1951 742 1989 vituli
772 1950 962 1999 sanguine
990 1948 1128 1986 debito

324 2015 523 2054 Custodes
553 2013 753 2052 Numidae
783 2012 891 2057 deos,

378 2077 459 2126 Qui
488 2088 595 2115 nunc
627 2075 822 2124 Hesperia
851 2085 988 2122 sospes
1016 2072 1068 2110 ab
1097 2072 1236 2110 ultima

324 2139 435 2179 Caris
465 2138 588 2176 multa
617 2137 826 2183 sodalibus,

379 2202 486 2239 Nulli
517 2201 627 2250 plura
657 2207 789 2237 tamen
820 2198 959 2236 dividit
988 2197 1122 2235 oscula

325 2264 457 2311 Quam
488 2262 595 2300 dulci
627 2261 798 2307 Lamiae,
833 2272 984 2297 memor

377 2326 503 2371 Actae
534 2336 614 2361 non
643 2323 721 2360 alio
751 2335 839 2371 rege
869 2321 1043 2379 puertiae

1387 414 1428 448 ²⁵

1387 727 1429 758 30

1388 1038 1427 1071 35

1384 1351 1429 1382 40
