1592 2592
581 167 710 199 Boox
746 168 775 198 1.
801 170 899 210 7-9.

118 269 318 321 Sanguine
343 269 521 319 viperino

225 331 391 371 Cautius
417 330 513 369 vitat
541 341 672 379 neque
697 328 776 367 iam
804 328 924 368 livida
950 334 1076 379 gestat
1103 327 1222 366 armis

120 393 297 440 Brachia,
326 404 445 443 saepe
471 392 593 439 disco,

226 455 353 505 Saepe
379 461 485 506 trans
512 453 634 492 finem
661 452 791 501 iaculo
819 451 964 492 nobilis
991 451 1207 502 expedito?

121 516 233 566 Quid
260 517 366 564 latet,
397 523 440 555 ut
468 516 642 554 marinae

228 578 372 617 Filium
399 578 539 617 dicunt
565 577 748 616 Thetidis
775 575 851 615 sub
878 576 1087 614 lacrimosa
1114 575 1260 614 Troiae

122 642 287 687 Funera,
317 652 368 679 ne
395 640 514 678 virilis

1327 169 1379 209 37

1343 342 1381 364 10

1343 653 1380 683 1⁵

228 702 370 742 Cultus
396 701 439 740 in
465 701 632 741 caedem
659 707 699 740 et
727 701 868 751 Lycias
896 699 1112 750 proriperet
1139 700 1344 738 catervas?

578 936 821 975 CARMEN
850 938 924 975 IX.

549 1043 607 1069 AD
634 1042 962 1071 THALIARCHUM.

229 1128 375 1174 Vror-28,
406 1133 449 1165 ut
474 1127 552 1165 alta
579 1133 655 1165 stet
683 1127 775 1165 nive
801 1127 1018 1166 candidum

231 1189 403 1236 Soracte,
433 1201 507 1227 nec
536 1189 613 1227 iarn
643 1189 863 1227 sustineant
891 1201 993 1227 onus

286 1250 414 1288 Silvae
441 1250 675 1297 laborantes,
704 1250 875 1300 geluque

340 1312 522 1350 Flumina
549 1312 796 1350 constiterint
822 1319 951 1351 acuto.

233 1374 415 1412 Dissolve
441 1373 571 1423 frigus,
600 1373 706 1423 ligna
732 1384 850 1423 super
877 1375 969 1413 foco

233 1436 358 1485 Large
384 1446 592 1484 reponens,
620 1442 740 1484 atque
766 1434 976 1485 benignius

287 1497 488 1546 Deprome
516 1497 765 1546 quadrimum
794 1497 952 1545 Sabina,

341 1558 379 1597 O
406 1557 653 1605 Thaliarche,
683 1570 835 1596 merum
864 1559 983 1598 diota.

234 1620 420 1659 Permitte
447 1619 548 1658 divis
575 1626 714 1667 cetera,
746 1620 812 1670 qui
841 1621 959 1659 simul

233 1683 410 1722 Stravere
437 1688 576 1721 ventos
604 1694 775 1731 aequore
803 1682 953 1721 fervido

289 1745 597 1794 Deproeliantes‚
629 1755 704 1782 nec
731 1744 905 1793 cupressi

342 1806 430 1845 Nec
456 1813 606 1845 veteres
634 1805 829 1855 agitantur
855 1806 951 1844 omi.

235 1869 346 1917 Quid
372 1869 421 1907 sit
448 1869 621 1907 futurum
651 1880 747 1914 cras,
776 1868 867 1917 fuge
894 1880 1091 1917 quaerere,
1121 1875 1162 1907 et

235 1931 368 1978 Quem
390 1933 485 1969 Fors
512 1931 665 1969 dierum
694 1942 852 1979 cunque
880 1929 1000 1977 dabit,
1032 1930 1141 1968 lucro

287 1993 470 2041 Appone,
499 2005 574 2031 nec
602 1993 738 2031 dulces
764 2005 918 2030 amores

341 2054 490 2103 Sperne
518 2067 614 2104 puer
642 2067 772 2104 neque
800 2062 842 2092 tu
870 2054 1044 2102 choreas,

236 2115 378 2153 Donec
405 2115 543 2154 virenti
570 2117 733 2154 canities
759 2116 871 2155 abest

236 2175 408 2214 Morosa.
467 2178 584 2215 Nunc
611 2186 651 2216 et
679 2191 842 2227 oempus
869 2184 908 2216 et
935 2190 1049 2215 areae

290 2237 498 2288 Lenesque
525 2238 600 2277 sub
619 2246 776 2277 noctem
805 2239 948 2278 susurri

342 2299 573 2348 Composita
600 2307 825 2350 repetantur
851 2301 967 2348 hora;

1347 1700 1388 1723 10

1352 2005 1386 2035 ¹5

1347 2313 1387 2334 20
