1592 2592
495 151 593 181 THE
629 150 749 181 ODES
785 149 845 179 OF
879 148 1088 181 HORACE.

571 365 814 406 CARMEN
842 364 1006 403 XXIII.

655 472 713 499 AD
740 461 924 499 CHLOEN.

320 560 452 597 VrrAs
481 558 672 596 hinnuleo
700 568 766 595 me
794 556 941 602 similis,
974 555 1114 602 Chloe,

320 621 538 671 Quaerenti
568 620 750 670 pavidam
780 617 983 658 montibus
1010 618 1107 657 aviis

376 685 547 722 Matrem
575 695 657 721 non
685 683 771 721 sine
799 694 902 720 vano

429 747 624 784 Auratum
653 751 692 783 et
721 744 844 782 siluae
872 749 992 782 metu.

322 810 426 847 Nam
446 820 516 847 seu
543 806 759 846 mobilibus
787 806 888 844 veris
916 805 1109 844 inhorruit

319 871 527 909 Adventus
556 870 659 908 foliis
687 881 757 908 seu
785 868 929 907 virides
957 867 1102 906 rubum

375 933 590 972 Dimovere
618 933 795 978 lacertae,

430 997 483 1034 Et
510 995 631 1033 corde
658 1001 697 1033 et
724 992 892 1043 genibus
920 992 1062 1030 tremit.

321 1058 444 1108 Atqui
474 1070 555 1095 non
585 1069 658 1107 ego
687 1062 726 1094 te
756 1055 863 1105 tigris
892 1060 936 1092 ut
963 1066 1102 1103 aspera

321 1120 562 1159 Gaetulusve
591 1119 654 1156 leo
683 1118 860 1167 frangere
889 1127 1127 1166 persequor:

376 1182 560 1220 Tandem
590 1181 728 1219 desine
758 1185 924 1217 matrem

431 1243 685 1293 Tempestiva
713 1241 825 1292 sequi
855 1241 950 1280 viro.

578 1421 822 1462 CARMEN
852 1419 1006 1458 XXIV.

629 1529 686 1556 AD
715 1526 958 1555 eroerM.

323 1618 432 1666 Qms
461 1615 659 1654 desiderio
688 1614 737 1652 sit
766 1612 895 1662 pudor
923 1616 992 1649 aut
1020 1609 1165 1648 modus

322 1681 423 1716 Tam
453 1678 531 1716 cari
560 1676 729 1725 capitis?
786 1673 973 1722 Praecipe
1003 1671 1188 1721 lugubres

324 1742 486 1787 Cantus,
519 1739 788 1788 Melpomene,
819 1735 884 1773 cui
913 1733 1103 1783 liquidam
1134 1738 1243 1781 pater

377 1804 530 1840 Vocem
559 1812 651 1838 curn
680 1798 829 1836 cithara
858 1796 979 1835 dedit.

324 1866 429 1914 Ergo
459 1862 696 1912 Quintilium
727 1866 939 1910 perpetuus
968 1869 1086 1906 sopor

325 1928 475 1976 Urget!
506 1924 569 1962 cui
601 1923 735 1962 Pudor
763 1929 802 1960 et
832 1919 1010 1959 Iustitiae
1040 1929 1148 1956 soror

325 1990 557 2037 Incorrupta
587 1986 705 2024 Fides
735 1984 922 2032 nudaque
949 1980 1104 2019 Veritas

379 2050 554 2099 Quando
586 2049 709 2086 ullum
740 2045 915 2084 inveniet
945 2042 1108 2093 parem?

326 2113 465 2150 Multis
497 2110 707 2149 ille'bonis
737 2106 878 2146 flebilis
907 2104 1065 2150 occidit,

329 2175 436 2213 Nulli
467 2173 637 2212 flebilior
664 2184 783 2221 quam
814 2169 896 2215 tibi,
926 2166 1075 2216 Virgili.

326 2239 390 2275 Tu
419 2238 559 2274 frustra
589 2235 676 2284 pius
706 2234 783 2272 heu
814 2244 894 2269 non
925 2230 977 2268 ita
1006 2227 1199 2266 creditum

383 2298 517 2336 Poscis
547 2295 785 2345 Quintilium
816 2294 924 2331 deos.

1387 1128 1430 1152 10

1394 2176 1486 2198 10.
