1592 2592
138 148 193 197 56
480 155 577 185 THE
613 154 735 185 omis
770 155 831 185 OF
867 154 1074 187 HORAcE.

141 254 360 293 Postmodo
388 260 427 292 te
458 255 558 293 natis
587 254 766 294 fraudem
794 255 1071 293 committere?
1125 255 1224 294 Fors
1250 261 1292 294 et

196 316 343 355 Debita
372 317 455 355 iura
483 317 669 367 vicesque
698 315 891 367 superbae

139 381 199 418 Te
228 386 414 417 maneant
443 379 597 429 ipsum:
636 379 820 429 precibus
849 392 930 417 non
959 379 1120 428 linquar
1141 379 1287 426 inultis,

193 443 334 491 Teque
364 442 518 490 piacula
547 442 655 480 nulla
685 442 892 480 resolvent.

139 505 396 553 Quamquam
426 503 598 551 festinas,
631 516 713 542 non
743 511 802 542 est
831 516 941 542 mora
970 504 1113 554 longa;
1150 503 1285 542 licebit
1367 518 1408 552 35

195 565 350 604 Iniecto
380 572 438 604 ter
465 566 626 616 pulvere
655 578 786 604 curras

562 873 804 912 CARMEN
834 873 985 911 XXIX.

646 992 702 1018 AD
732 991 894 1020 1CC1UM.

404 1491 466 1519 The
480 1492 649 1526 signet-ring
661 1491 694 1517 of
703 1498 723 1517 a
733 1490 887 1518 horseman
899 1501 906 1518 ε
926 1492 1035 1520 horse‘s
1047 1492 1121 1520 head

553 1524 621 1551 with
634 1533 654 1551 a
666 1524 840 1551 corinthian
852 1525 968 1553 helmet.

298 1624 398 1669 1001,
431 1622 556 1660 beatis
586 1634 693 1660 nunc
722 1622 898 1660 Arabum
929 1623 1081 1661 invides

296 1685 413 1723 Gazis
443 1690 481 1722 et
510 1696 640 1723 acrem
670 1685 849 1722 militiam
877 1697 990 1733 paras

351 1746 445 1784 Non
473 1752 566 1784 ante
594 1746 758 1784 devictis
787 1746 962 1785 Sabaeae

404 1810 581 1860 Regibus
610 1810 866 1860 horribilique
896 1811 1022 1849 Medo

298 1873 434 1911 Nectis
463 1873 651 1910 catenas?
708 1873 822 1921 Quae
851 1872 922 1911 tibi
951 1873 1145 1923 virginum
1382 1892 1400 1924 5

295 1936 452 1984 Sponso
483 1942 623 1973 necato
653 1934 817 1973 barbara
845 1935 1014 1974 serviet?

351 1998 452 2035 Puer
480 1997 568 2047 quis
596 2010 643 2035 ex
670 1998 759 2035 aula
787 1997 937 2047 capillis

402 2060 467 2098 Ad
496 2059 680 2109 cyathum
710 2066 902 2098 statuetur
929 2060 1068 2107 unctis,

298 2123 450 2160 Doctus
479 2111 637 2170 sagittas
668 2121 830 2160 tendere
860 2123 1010 2160 Sericas

296 2183 400 2221 Arcu
431 2184 625 2233 paterno?
683 2183 783 2232 Quis
814 2192 929 2234 neget
957 2185 1088 2223 arduis
1360 2202 1400 2224 ιο

351 2247 501 2284 Pronos
532 2246 652 2283 relabi
684 2258 798 2294 posse
828 2247 929 2284 rivos

405 2307 613 2346 Montibus
643 2316 681 2346 et
710 2306 887 2346 Tiberim
917 2310 1066 2355 reverti,
