1592 2592
214 202 266 239 44

556 198 653 228 THE
690 198 812 228 ODES
849 198 908 228 OF
944 197 1151 228 HORACE.

383 305 462 342 Seu
495 304 612 342 Libra
642 317 710 343 seu
741 316 806 342 me
836 303 1020 353 Scorpios
1049 302 1218 353 adspicit

384 367 693 415 Formidolosus,
724 380 813 417 pars
842 366 1051 405 violentior

438 430 589 468 Natalis
618 429 750 478 horae,
781 442 851 468 seu
880 437 1068 480 tyrannus

493 492 713 542 Hesperiae
743 492 1008 542 Capricornus
1038 491 1181 539 undae,
1449 505 1490 527 20

382 557 609 605 Utrumque
639 562 818 593 nostrum
848 553 1069 593 incredibili
1101 554 1224 592 modo

383 618 594 657 Consentit
623 624 782 655 astrum.
840 618 900 655 Te
931 616 1037 655 Iovis
1067 617 1191 666 impio

437 680 581 718 Tutela
610 681 779 718 Saturno
808 679 1004 729 refulgens

492 742 646 792 Eripuit
675 741 926 792 volucrisque
957 741 1042 780 Fati

383 805 571 844 Tardavit
600 805 692 852 alas,
724 817 816 843 cum
845 805 1016 854 populus
1045 804 1229 853 frequens
1449 817 1489 849 ²5

385 870 552 907 Laetum
583 867 744 906 theatris
774 874 832 906 ter
861 868 1011 917 crepuit
1041 880 1206 906 sonum:
1368 871 1373 875 ’

438 932 509 970 Me
537 937 702 969 truncus
732 931 892 980 illapsus
921 929 1083 969 cerebro

492 993 720 1041 Sustulerat,
753 993 826 1031 nisi
858 994 1018 1031 Faunus
1047 992 1170 1030 ictum

384 1057 532 1095 Dextra
559 1057 737 1103 levasset,
772 1056 1066 1094 Mercurialium

384 1120 531 1159 Custos
560 1119 743 1157 virorum.
804 1119 991 1157 Reddere
1018 1118 1198 1156 victimas
1448 1131 1491 1163 30

438 1182 675 1231 Aedemque
703 1181 876 1220 votivam
907 1187 1134 1219 memento:

498 1245 584 1283 Nos
614 1244 805 1282 humilem
836 1243 1020 1282 feriemus
1048 1254 1202 1292 agnam.

639 1426 883 1466 CARMEN
911 1424 1073 1464 XVIII.

264 1545 320 1571 DE
349 1543 643 1572 CONTINENTIA
673 1542 760 1576 QUA
789 1540 1101 1569 PAUPERTATEM
1131 1539 1246 1567 SUAM
1276 1537 1449 1566 DIVITHS

742 1604 974 1631 PRAEFERT.

388 1684 486 1723 NON
516 1682 615 1722 ebur
643 1694 774 1732 neque
801 1693 966 1719 aureum

441 1747 537 1784 Mea
565 1745 719 1784 renidet
748 1745 788 1782 in
821 1744 944 1783 domo
973 1744 1143 1791 lacunar,

388 1809 481 1847 Non
511 1807 642 1846 trabes
673 1807 904 1857 Hymettiae

444 1873 633 1909 Premunt
663 1869 868 1907 columnas
898 1868 1035 1906 ultima
1063 1867 1207 1906 recisas

387 1933 529 1980 Africa,
562 1944 692 1981 neque
721 1931 842 1969 Attali
1470 1942 1489 1974 5

443 1996 609 2045 Ignotus
639 1995 752 2032 heres
782 1993 926 2043 regiam
955 1991 1158 2041 occupavi,

388 2059 474 2097 Nec
505 2056 721 2095 Laconicas
750 2056 846 2093 mihi

441 2119 621 2158 Trahunt
652 2119 841 2157 honestae
870 2129 1061 2168 purpuras
1090 2117 1270 2155 clientae.

387 2184 441 2221 At
471 2183 569 2221 fides
599 2187 638 2220 et
667 2181 798 2230 ingeni

445 2248 623 2297 Benigna
652 2259 751 2285 vena
780 2252 849 2293 est,
881 2256 1176 2294 pauperemque
1205 2242 1314 2282 dives
1454 2257 1491 2278 ιο

390 2312 460 2349 Me
490 2310 610 2359 petit:
650 2308 746 2346 nihil
775 2320 892 2357 supra

444 2375 552 2411 Deos
581 2372 742 2418 lacesso,
774 2382 849 2408 nec
877 2376 1082 2419 potentem
1111 2368 1284 2406 amicum
