<?xml version="1.0" encoding="UTF-8"?>
<!DOCTYPE html PUBLIC "-//W3C//DTD XHTML 1.0 Transitional//EN"
    "http://www.w3.org/TR/xhtml1/DTD/xhtml1-transitional.dtd">
<html xmlns="http://www.w3.org/1999/xhtml" xml:lang="en" lang="en">
 <head>
  <title>
</title>
<meta http-equiv="Content-Type" content="text/html;charset=utf-8" />
  <meta name='ocr-system' content='tesseract 3.04.00' />
  <meta name='ocr-capabilities' content='ocr_page ocr_carea ocr_par ocr_line ocrx_word'/>
</head>
<body>
  <div class='ocr_page' id='page_1' title='image "./odesofhoracebook01horauoft_0194.png"; bbox 0 0 1592 2592; ppageno 0'>
   <div class='ocr_carea' id='block_1_1' title="bbox 544 187 1135 219">
    <p class='ocr_par' dir='ltr' id='par_1_1' title="bbox 544 187 1135 219">
     <span class='ocr_line' id='line_1_1' title="bbox 544 187 1135 219; baseline 0.002 -2"><span class='ocrx_word' id='word_1_1' title='bbox 544 188 640 218; x_wconf 89' lang='lat' dir='ltr'><strong>THE</strong></span> <span class='ocrx_word' id='word_1_2' title='bbox 676 187 796 217; x_wconf 86' lang='lat' dir='ltr'>ODES</span> <span class='ocrx_word' id='word_1_3' title='bbox 833 187 893 217; x_wconf 88' lang='lat' dir='ltr'><strong>OF</strong></span> <span class='ocrx_word' id='word_1_4' title='bbox 930 187 1135 219; x_wconf 86' lang='lat' dir='ltr'>HORACE.</span> 
     </span>
    </p>
   </div>
   <div class='ocr_carea' id='block_1_2' title="bbox 368 293 1356 2284">
    <p class='ocr_par' dir='ltr' id='par_1_2' title="bbox 368 293 1235 469">
     <span class='ocr_line' id='line_1_2' title="bbox 369 293 1235 343; baseline 0 -12"><span class='ocrx_word' id='word_1_5' title='bbox 369 294 420 331; x_wconf 89' lang='lat' dir='ltr'><strong>Et</strong></span> <span class='ocrx_word' id='word_1_6' title='bbox 451 294 647 343; x_wconf 91' lang='lat' dir='ltr'><strong>quidquid</strong></span> <span class='ocrx_word' id='word_1_7' title='bbox 676 306 845 343; x_wconf 87' lang='lat' dir='ltr'><strong>usquam</strong></span> <span class='ocrx_word' id='word_1_8' title='bbox 874 294 1096 343; x_wconf 88' lang='lat' dir='ltr'><strong>concipitur</strong></span> <span class='ocrx_word' id='word_1_9' title='bbox 1125 293 1235 332; x_wconf 88' lang='lat' dir='ltr'><strong>nefas</strong></span> 
     </span>
     <span class='ocr_line' id='line_1_3' title="bbox 368 356 1086 406; baseline 0.001 -12"><span class='ocrx_word' id='word_1_10' title='bbox 368 357 580 404; x_wconf 86' lang='lat' dir='ltr'><strong>Tractavit,</strong></span> <span class='ocrx_word' id='word_1_11' title='bbox 611 370 703 406; x_wconf 87' lang='lat' dir='ltr'><strong>agro</strong></span> <span class='ocrx_word' id='word_1_12' title='bbox 733 357 802 406; x_wconf 91' lang='lat' dir='ltr'><strong>qui</strong></span> <span class='ocrx_word' id='word_1_13' title='bbox 831 356 971 394; x_wconf 46' lang='lat' dir='ltr'><strong>statuit*</strong></span> <span class='ocrx_word' id='word_1_14' title='bbox 995 369 1086 395; x_wconf 91' lang='lat' dir='ltr'><strong>meo</strong></span> 
     </span>
     <span class='ocr_line' id='line_1_4' title="bbox 423 419 1122 469; baseline -0.003 -11"><span class='ocrx_word' id='word_1_15' title='bbox 423 420 494 466; x_wconf 92' lang='lat' dir='ltr'><strong>Te,</strong></span> <span class='ocrx_word' id='word_1_16' title='bbox 527 420 635 458; x_wconf 88' lang='lat' dir='ltr'><strong>triste</strong></span> <span class='ocrx_word' id='word_1_17' title='bbox 664 420 826 469; x_wconf 87' lang='lat' dir='ltr'><strong>lignum,</strong></span> <span class='ocrx_word' id='word_1_18' title='bbox 858 426 896 457; x_wconf 94' lang='lat' dir='ltr'><strong>te</strong></span> <span class='ocrx_word' id='word_1_19' title='bbox 925 419 1122 457; x_wconf 92' lang='lat' dir='ltr'><strong>caducum</strong></span> 
     </span>
    </p>

    <p class='ocr_par' dir='ltr' id='par_1_3' title="bbox 370 481 1356 655">
     <span class='ocr_line' id='line_1_5' title="bbox 476 481 1183 532; baseline -0.003 -12"><span class='ocrx_word' id='word_1_20' title='bbox 476 483 526 520; x_wconf 90' lang='lat' dir='ltr'><strong>In</strong></span> <span class='ocrx_word' id='word_1_21' title='bbox 555 483 707 521; x_wconf 90' lang='lat' dir='ltr'><strong>domini</strong></span> <span class='ocrx_word' id='word_1_22' title='bbox 737 489 855 532; x_wconf 88' lang='lat' dir='ltr'><strong>caput</strong></span> <span class='ocrx_word' id='word_1_23' title='bbox 884 481 1139 520; x_wconf 88' lang='lat' dir='ltr'><strong>immerentis.</strong></span> <span class='ocrx_word' id='word_1_24' title='bbox 1181 528 1183 531; x_wconf 16' lang='lat' dir='ltr'><em>r</em></span> 
     </span>
     <span class='ocr_line' id='line_1_6' title="bbox 370 535 1356 596; baseline -0.003 -13"><span class='ocrx_word' id='word_1_25' title='bbox 370 545 482 594; x_wconf 87' lang='lat' dir='ltr'>Quid</span> <span class='ocrx_word' id='word_1_26' title='bbox 510 545 679 594; x_wconf 90' lang='lat' dir='ltr'><strong>quisque</strong></span> <span class='ocrx_word' id='word_1_27' title='bbox 706 535 812 592; x_wconf 79' lang='lat' dir='ltr'><strong>vitet,</strong></span> <span class='ocrx_word' id='word_1_28' title='bbox 845 556 1049 594; x_wconf 88' lang='lat' dir='ltr'><strong>nunquam</strong></span> <span class='ocrx_word' id='word_1_29' title='bbox 1079 542 1230 582; x_wconf 90' lang='lat' dir='ltr'><strong>homini</strong></span> <span class='ocrx_word' id='word_1_30' title='bbox 1261 542 1356 596; x_wconf 86' lang='lat' dir='ltr'><strong>satis</strong></span> 
     </span>
     <span class='ocr_line' id='line_1_7' title="bbox 371 607 1295 655; baseline -0.003 -9"><span class='ocrx_word' id='word_1_31' title='bbox 371 608 544 647; x_wconf 90' lang='lat' dir='ltr'><strong>Cautum</strong></span> <span class='ocrx_word' id='word_1_32' title='bbox 574 614 634 646; x_wconf 91' lang='lat' dir='ltr'><strong>est</strong></span> <span class='ocrx_word' id='word_1_33' title='bbox 663 608 702 644; x_wconf 90' lang='lat' dir='ltr'><strong>in</strong></span> <span class='ocrx_word' id='word_1_34' title='bbox 734 608 873 645; x_wconf 86' lang='lat' dir='ltr'><strong>horas:</strong></span> <span class='ocrx_word' id='word_1_35' title='bbox 912 607 1044 644; x_wconf 89' lang='lat' dir='ltr'><strong>navita</strong></span> <span class='ocrx_word' id='word_1_36' title='bbox 1075 607 1295 655; x_wconf 85' lang='lat' dir='ltr'><strong>Bosporum</strong></span> 
     </span>
    </p>

    <p class='ocr_par' dir='ltr' id='par_1_4' title="bbox 425 669 1161 720">
     <span class='ocr_line' id='line_1_8' title="bbox 425 669 1161 720; baseline -0.004 -11"><span class='ocrx_word' id='word_1_37' title='bbox 425 672 584 709; x_wconf 90' lang='lat' dir='ltr'><strong>Poenus</strong></span> <span class='ocrx_word' id='word_1_38' title='bbox 613 670 873 720; x_wconf 87' lang='lat' dir='ltr'><strong>perhorrescit</strong></span> <span class='ocrx_word' id='word_1_39' title='bbox 903 681 1033 719; x_wconf 92' lang='lat' dir='ltr'><strong>neque</strong></span> <span class='ocrx_word' id='word_1_40' title='bbox 1063 669 1161 714; x_wconf 85' lang='lat' dir='ltr'><strong>ultra</strong></span> 
     </span>
    </p>

    <p class='ocr_par' dir='ltr' id='par_1_5' title="bbox 478 732 1059 787">
     <span class='ocr_line' id='line_1_9' title="bbox 478 732 1059 787; baseline -0.005 -15"><span class='ocrx_word' id='word_1_41' title='bbox 478 734 610 787; x_wconf 84' lang='lat' dir='ltr'><strong>Caeca</strong></span> <span class='ocrx_word' id='word_1_42' title='bbox 640 733 751 771; x_wconf 91' lang='lat' dir='ltr'><strong>timet</strong></span> <span class='ocrx_word' id='word_1_43' title='bbox 779 732 941 770; x_wconf 82' lang='lat' dir='ltr'><strong>aliunde</strong></span> <span class='ocrx_word' id='word_1_44' title='bbox 970 733 1059 780; x_wconf 86' lang='lat' dir='ltr'><strong>fata,</strong></span> 
     </span>
    </p>

    <p class='ocr_par' dir='ltr' id='par_1_6' title="bbox 370 794 1148 971">
     <span class='ocr_line' id='line_1_10' title="bbox 370 794 1101 846; baseline -0.004 -12"><span class='ocrx_word' id='word_1_45' title='bbox 370 796 488 834; x_wconf 89' lang='lat' dir='ltr'><strong>Miles</strong></span> <span class='ocrx_word' id='word_1_46' title='bbox 516 796 674 846; x_wconf 87' lang='lat' dir='ltr'><strong>sagittas</strong></span> <span class='ocrx_word' id='word_1_47' title='bbox 703 803 742 834; x_wconf 90' lang='lat' dir='ltr'><strong>et</strong></span> <span class='ocrx_word' id='word_1_48' title='bbox 769 794 938 833; x_wconf 87' lang='lat' dir='ltr'><strong>celerem</strong></span> <span class='ocrx_word' id='word_1_49' title='bbox 968 795 1101 844; x_wconf 87' lang='lat' dir='ltr'><strong>fugam</strong></span> 
     </span>
     <span class='ocr_line' id='line_1_11' title="bbox 370 858 1148 906; baseline -0.001 -10"><span class='ocrx_word' id='word_1_50' title='bbox 370 859 515 906; x_wconf 89' lang='lat' dir='ltr'><strong>Parthi,</strong></span> <span class='ocrx_word' id='word_1_51' title='bbox 546 866 706 897; x_wconf 88' lang='lat' dir='ltr'><strong>catenas</strong></span> <span class='ocrx_word' id='word_1_52' title='bbox 737 859 903 896; x_wconf 90' lang='lat' dir='ltr'><strong>Parthus</strong></span> <span class='ocrx_word' id='word_1_53' title='bbox 933 865 972 896; x_wconf 91' lang='lat' dir='ltr'><strong>et</strong></span> <span class='ocrx_word' id='word_1_54' title='bbox 1003 858 1148 896; x_wconf 88' lang='lat' dir='ltr'><strong>Italum</strong></span> 
     </span>
     <span class='ocr_line' id='line_1_12' title="bbox 426 921 1034 971; baseline -0.003 -11"><span class='ocrx_word' id='word_1_55' title='bbox 426 922 565 961; x_wconf 85' lang='lat' dir='ltr'><strong>Robur</strong></span> <span class='ocrx_word' id='word_1_56' title='bbox 579 937 590 971; x_wconf 90' lang='lat'>;</span> <span class='ocrx_word' id='word_1_57' title='bbox 628 922 699 960; x_wconf 90' lang='lat' dir='ltr'><strong>sed</strong></span> <span class='ocrx_word' id='word_1_58' title='bbox 727 921 939 971; x_wconf 89' lang='lat' dir='ltr'><strong>improvisa</strong></span> <span class='ocrx_word' id='word_1_59' title='bbox 967 921 1034 960; x_wconf 85' lang='lat' dir='ltr'><strong>leti</strong></span> 
     </span>
    </p>

    <p class='ocr_par' dir='ltr' id='par_1_7' title="bbox 370 985 1260 1155">
     <span class='ocr_line' id='line_1_13' title="bbox 479 985 1117 1035; baseline -0.002 -13"><span class='ocrx_word' id='word_1_60' title='bbox 479 986 550 1024; x_wconf 91' lang='lat' dir='ltr'><strong>Vis</strong></span> <span class='ocrx_word' id='word_1_61' title='bbox 579 985 706 1035; x_wconf 87' lang='lat' dir='ltr'><strong>rapuit</strong></span> <span class='ocrx_word' id='word_1_62' title='bbox 736 985 941 1034; x_wconf 84' lang='lat' dir='ltr'><strong>rapietque</strong></span> <span class='ocrx_word' id='word_1_63' title='bbox 967 990 1117 1034; x_wconf 88' lang='lat' dir='ltr'><strong>gentes.</strong></span> 
     </span>
     <span class='ocr_line' id='line_1_14' title="bbox 371 1045 1260 1097; baseline -0.002 -12"><span class='ocrx_word' id='word_1_64' title='bbox 371 1048 504 1096; x_wconf 88' lang='lat' dir='ltr'><strong>Quam</strong></span> <span class='ocrx_word' id='word_1_65' title='bbox 535 1060 661 1097; x_wconf 92' lang='lat' dir='ltr'><strong>paene</strong></span> <span class='ocrx_word' id='word_1_66' title='bbox 691 1048 823 1085; x_wconf 85' lang='lat' dir='ltr'><strong>furvae</strong></span> <span class='ocrx_word' id='word_1_67' title='bbox 852 1059 971 1096; x_wconf 89' lang='lat' dir='ltr'><strong>regna</strong></span> <span class='ocrx_word' id='word_1_68' title='bbox 1002 1045 1260 1095; x_wconf 85' lang='lat' dir='ltr'><strong>Proserpinae</strong></span> 
     </span>
     <span class='ocr_line' id='line_1_15' title="bbox 370 1110 1114 1155; baseline -0.003 -7"><span class='ocrx_word' id='word_1_69' title='bbox 370 1111 422 1148; x_wconf 90' lang='lat' dir='ltr'><strong>Et</strong></span> <span class='ocrx_word' id='word_1_70' title='bbox 451 1111 693 1149; x_wconf 89' lang='lat' dir='ltr'><strong>iudicantem</strong></span> <span class='ocrx_word' id='word_1_71' title='bbox 722 1110 894 1148; x_wconf 92' lang='lat' dir='ltr'><strong>vidimus</strong></span> <span class='ocrx_word' id='word_1_72' title='bbox 924 1110 1114 1155; x_wconf 90' lang='lat' dir='ltr'><strong>Aeacum,</strong></span> 
     </span>
    </p>

    <p class='ocr_par' dir='ltr' id='par_1_8' title="bbox 426 1172 1114 1223">
     <span class='ocr_line' id='line_1_16' title="bbox 426 1172 1114 1223; baseline -0.006 -11"><span class='ocrx_word' id='word_1_73' title='bbox 426 1174 630 1223; x_wconf 89' lang='lat' dir='ltr'><strong>Sedesque</strong></span> <span class='ocrx_word' id='word_1_74' title='bbox 660 1173 847 1211; x_wconf 88' lang='lat' dir='ltr'><strong>discretas</strong></span> <span class='ocrx_word' id='word_1_75' title='bbox 877 1172 1044 1221; x_wconf 89' lang='lat' dir='ltr'><strong>piorum,</strong></span> <span class='ocrx_word' id='word_1_76' title='bbox 1075 1178 1114 1209; x_wconf 89' lang='lat' dir='ltr'><strong>et</strong></span> 
     </span>
    </p>

    <p class='ocr_par' dir='ltr' id='par_1_9' title="bbox 373 1235 1079 1350">
     <span class='ocr_line' id='line_1_17' title="bbox 479 1235 1068 1284; baseline -0.007 -9"><span class='ocrx_word' id='word_1_77' title='bbox 479 1237 630 1275; x_wconf 89' lang='lat' dir='ltr'><strong>Aeoliis</strong></span> <span class='ocrx_word' id='word_1_78' title='bbox 660 1235 806 1274; x_wconf 90' lang='lat' dir='ltr'><strong>fidibus</strong></span> <span class='ocrx_word' id='word_1_79' title='bbox 836 1240 1068 1284; x_wconf 88' lang='lat' dir='ltr'><strong>querentem</strong></span> 
     </span>
     <span class='ocr_line' id='line_1_18' title="bbox 373 1296 1079 1350; baseline -0.008 -11"><span class='ocrx_word' id='word_1_80' title='bbox 373 1300 534 1350; x_wconf 90' lang='lat' dir='ltr'><strong>Sappho</strong></span> <span class='ocrx_word' id='word_1_81' title='bbox 563 1299 703 1349; x_wconf 88' lang='lat' dir='ltr'><strong>puellis</strong></span> <span class='ocrx_word' id='word_1_82' title='bbox 733 1298 784 1337; x_wconf 92' lang='lat' dir='ltr'><strong>de</strong></span> <span class='ocrx_word' id='word_1_83' title='bbox 813 1296 1079 1347; x_wconf 87' lang='lat' dir='ltr'><strong>popularibus,</strong></span> 
     </span>
    </p>

    <p class='ocr_par' dir='ltr' id='par_1_10' title="bbox 371 1360 1072 1473">
     <span class='ocr_line' id='line_1_19' title="bbox 371 1360 1072 1410; baseline -0.007 -9"><span class='ocrx_word' id='word_1_84' title='bbox 371 1363 423 1401; x_wconf 91' lang='lat' dir='ltr'><strong>Et</strong></span> <span class='ocrx_word' id='word_1_85' title='bbox 452 1370 491 1400; x_wconf 90' lang='lat' dir='ltr'><strong>te</strong></span> <span class='ocrx_word' id='word_1_86' title='bbox 520 1368 728 1400; x_wconf 89' lang='lat' dir='ltr'><strong>sonantem</strong></span> <span class='ocrx_word' id='word_1_87' title='bbox 758 1360 913 1410; x_wconf 90' lang='lat' dir='ltr'><strong>plenius</strong></span> <span class='ocrx_word' id='word_1_88' title='bbox 941 1370 1072 1405; x_wconf 88' lang='lat' dir='ltr'><strong>aureo,</strong></span> 
     </span>
     <span class='ocr_line' id='line_1_20' title="bbox 425 1421 1043 1473; baseline -0.008 -10"><span class='ocrx_word' id='word_1_89' title='bbox 425 1425 583 1472; x_wconf 88' lang='lat' dir='ltr'><strong>Alcaee,</strong></span> <span class='ocrx_word' id='word_1_90' title='bbox 615 1424 765 1473; x_wconf 93' lang='lat' dir='ltr'><strong>plectro</strong></span> <span class='ocrx_word' id='word_1_91' title='bbox 793 1422 892 1461; x_wconf 83' lang='lat' dir='ltr'><strong>dura</strong></span> <span class='ocrx_word' id='word_1_92' title='bbox 922 1421 1043 1468; x_wconf 91' lang='lat' dir='ltr'><strong>navis,</strong></span> 
     </span>
    </p>

    <p class='ocr_par' dir='ltr' id='par_1_11' title="bbox 372 1482 1208 1658">
     <span class='ocr_line' id='line_1_21' title="bbox 482 1482 1181 1539; baseline -0.004 -14"><span class='ocrx_word' id='word_1_93' title='bbox 482 1488 593 1525; x_wconf 91' lang='lat' dir='ltr'><strong>Dura</strong></span> <span class='ocrx_word' id='word_1_94' title='bbox 621 1487 735 1536; x_wconf 87' lang='lat' dir='ltr'><strong>fugae</strong></span> <span class='ocrx_word' id='word_1_95' title='bbox 765 1485 877 1532; x_wconf 91' lang='lat' dir='ltr'><strong>mala,</strong></span> <span class='ocrx_word' id='word_1_96' title='bbox 909 1484 1007 1523; x_wconf 90' lang='lat' dir='ltr'><strong>dura</strong></span> <span class='ocrx_word' id='word_1_97' title='bbox 1034 1482 1152 1522; x_wconf 91' lang='lat' dir='ltr'><strong>belli!</strong></span> <span class='ocrx_word' id='word_1_98' title='bbox 1170 1508 1181 1539; x_wconf 31' lang='lat' dir='ltr'><strong>i,-</strong></span> 
     </span>
     <span class='ocr_line' id='line_1_22' title="bbox 372 1547 1131 1599; baseline -0.007 -10"><span class='ocrx_word' id='word_1_99' title='bbox 372 1552 600 1599; x_wconf 91' lang='lat' dir='ltr'><strong>Utrumque</strong></span> <span class='ocrx_word' id='word_1_100' title='bbox 629 1561 740 1587; x_wconf 90' lang='lat' dir='ltr'><strong>sacro</strong></span> <span class='ocrx_word' id='word_1_101' title='bbox 770 1548 889 1598; x_wconf 88' lang='lat' dir='ltr'><strong>digna</strong></span> <span class='ocrx_word' id='word_1_102' title='bbox 918 1547 1075 1585; x_wconf 89' lang='lat' dir='ltr'><strong>silentio</strong></span> <span class='ocrx_word' id='word_1_103' title='bbox 1121 1548 1131 1553; x_wconf 81' lang='grc'><em>’</em></span> 
     </span>
     <span class='ocr_line' id='line_1_23' title="bbox 372 1607 1208 1658; baseline -0.005 -8"><span class='ocrx_word' id='word_1_104' title='bbox 372 1614 569 1651; x_wconf 89' lang='lat' dir='ltr'><strong>Mirantur</strong></span> <span class='ocrx_word' id='word_1_105' title='bbox 598 1610 761 1649; x_wconf 89' lang='lat' dir='ltr'><strong>umbrae</strong></span> <span class='ocrx_word' id='word_1_106' title='bbox 790 1611 946 1658; x_wconf 84' lang='lat' dir='ltr'><strong>dicere3</strong></span> <span class='ocrx_word' id='word_1_107' title='bbox 985 1610 1056 1648; x_wconf 91' lang='lat' dir='ltr'><strong>sed</strong></span> <span class='ocrx_word' id='word_1_108' title='bbox 1085 1607 1208 1658; x_wconf 90' lang='lat' dir='ltr'><strong>magis</strong></span> 
     </span>
    </p>

    <p class='ocr_par' dir='ltr' id='par_1_12' title="bbox 426 1676 1054 1724">
     <span class='ocr_line' id='line_1_24' title="bbox 426 1676 1054 1724; baseline -0.005 -12"><span class='ocrx_word' id='word_1_109' title='bbox 426 1676 583 1724; x_wconf 86' lang='lat' dir='ltr'><strong>Pugnas</strong></span> <span class='ocrx_word' id='word_1_110' title='bbox 613 1680 652 1712; x_wconf 92' lang='lat' dir='ltr'><strong>et</strong></span> <span class='ocrx_word' id='word_1_111' title='bbox 681 1679 839 1712; x_wconf 88' lang='lat' dir='ltr'><strong>exactos</strong></span> <span class='ocrx_word' id='word_1_112' title='bbox 868 1679 1054 1722; x_wconf 89' lang='lat' dir='ltr'><strong>tyrannos</strong></span> 
     </span>
    </p>

    <p class='ocr_par' dir='ltr' id='par_1_13' title="bbox 372 1733 1334 1908">
     <span class='ocr_line' id='line_1_25' title="bbox 480 1733 1262 1783; baseline -0.005 -9"><span class='ocrx_word' id='word_1_113' title='bbox 480 1738 662 1775; x_wconf 90' lang='lat' dir='ltr'><strong>Densum</strong></span> <span class='ocrx_word' id='word_1_114' title='bbox 690 1735 835 1774; x_wconf 90' lang='lat' dir='ltr'><strong>umeris</strong></span> <span class='ocrx_word' id='word_1_115' title='bbox 863 1733 965 1773; x_wconf 90' lang='lat' dir='ltr'><strong>bibit</strong></span> <span class='ocrx_word' id='word_1_116' title='bbox 991 1746 1085 1772; x_wconf 90' lang='lat' dir='ltr'><strong>aure</strong></span> <span class='ocrx_word' id='word_1_117' title='bbox 1113 1733 1262 1783; x_wconf 88' lang='lat' dir='ltr'><strong>vulgus.</strong></span> 
     </span>
     <span class='ocr_line' id='line_1_26' title="bbox 372 1795 1334 1852; baseline -0.005 -15"><span class='ocrx_word' id='word_1_118' title='bbox 372 1800 483 1849; x_wconf 87' lang='lat' dir='ltr'><strong>Quid</strong></span> <span class='ocrx_word' id='word_1_119' title='bbox 513 1800 667 1846; x_wconf 89' lang='lat' dir='ltr'><strong>mirum,</strong></span> <span class='ocrx_word' id='word_1_120' title='bbox 699 1797 767 1836; x_wconf 91' lang='lat' dir='ltr'><strong>ubi</strong></span> <span class='ocrx_word' id='word_1_121' title='bbox 797 1797 871 1835; x_wconf 92' lang='lat' dir='ltr'><strong>illis</strong></span> <span class='ocrx_word' id='word_1_122' title='bbox 900 1795 1141 1852; x_wconf 83' lang='lat' dir='ltr'><strong>carminibus</strong></span> <span class='ocrx_word' id='word_1_123' title='bbox 1170 1801 1334 1844; x_wconf 89' lang='lat' dir='ltr'><strong>stupens</strong></span> 
     </span>
     <span class='ocr_line' id='line_1_27' title="bbox 375 1859 1063 1908; baseline -0.006 -8"><span class='ocrx_word' id='word_1_124' title='bbox 375 1862 556 1900; x_wconf 85' lang='lat' dir='ltr'><strong>Demittit</strong></span> <span class='ocrx_word' id='word_1_125' title='bbox 584 1868 685 1898; x_wconf 88' lang='lat' dir='ltr'><strong>atras</strong></span> <span class='ocrx_word' id='word_1_126' title='bbox 714 1859 832 1898; x_wconf 90' lang='lat' dir='ltr'><strong>belua</strong></span> <span class='ocrx_word' id='word_1_127' title='bbox 861 1859 1063 1908; x_wconf 87' lang='lat' dir='ltr'><strong>centiceps</strong></span> 
     </span>
    </p>

    <p class='ocr_par' dir='ltr' id='par_1_14' title="bbox 427 1922 962 1971">
     <span class='ocr_line' id='line_1_28' title="bbox 427 1922 962 1971; baseline -0.004 -9"><span class='ocrx_word' id='word_1_128' title='bbox 427 1926 553 1962; x_wconf 90' lang='lat' dir='ltr'><strong>Aures</strong></span> <span class='ocrx_word' id='word_1_129' title='bbox 583 1930 621 1962; x_wconf 94' lang='lat' dir='ltr'><strong>et</strong></span> <span class='ocrx_word' id='word_1_130' title='bbox 651 1922 784 1961; x_wconf 91' lang='lat' dir='ltr'><strong>intorti</strong></span> <span class='ocrx_word' id='word_1_131' title='bbox 813 1922 962 1971; x_wconf 89' lang='lat' dir='ltr'><strong>capillis</strong></span> 
     </span>
    </p>

    <p class='ocr_par' dir='ltr' id='par_1_15' title="bbox 374 1982 1269 2159">
     <span class='ocr_line' id='line_1_29' title="bbox 482 1982 1210 2032; baseline -0.007 -8"><span class='ocrx_word' id='word_1_132' title='bbox 482 1985 753 2024; x_wconf 90' lang='lat' dir='ltr'><strong>Eumenidum</strong></span> <span class='ocrx_word' id='word_1_133' title='bbox 783 1990 1006 2022; x_wconf 89' lang='lat' dir='ltr'><strong>recreantur</strong></span> <span class='ocrx_word' id='word_1_134' title='bbox 1033 1982 1210 2032; x_wconf 82' lang='lat' dir='ltr'><strong>angues?</strong></span> 
     </span>
     <span class='ocr_line' id='line_1_30' title="bbox 374 2045 1269 2099; baseline -0.007 -12"><span class='ocrx_word' id='word_1_135' title='bbox 374 2050 484 2099; x_wconf 87' lang='lat' dir='ltr'><strong>Quin</strong></span> <span class='ocrx_word' id='word_1_136' title='bbox 513 2055 552 2087; x_wconf 90' lang='lat' dir='ltr'><strong>et</strong></span> <span class='ocrx_word' id='word_1_137' title='bbox 583 2047 843 2086; x_wconf 87' lang='lat' dir='ltr'><strong>Prometheus</strong></span> <span class='ocrx_word' id='word_1_138' title='bbox 873 2053 911 2085; x_wconf 91' lang='lat' dir='ltr'><strong>et</strong></span> <span class='ocrx_word' id='word_1_139' title='bbox 941 2045 1099 2094; x_wconf 90' lang='lat' dir='ltr'><strong>Pelopis</strong></span> <span class='ocrx_word' id='word_1_140' title='bbox 1128 2055 1269 2094; x_wconf 90' lang='lat' dir='ltr'><strong>parens</strong></span> 
     </span>
     <span class='ocr_line' id='line_1_31' title="bbox 374 2110 1078 2159; baseline -0.007 -9"><span class='ocrx_word' id='word_1_141' title='bbox 374 2112 493 2151; x_wconf 92' lang='lat' dir='ltr'><strong>Dulci</strong></span> <span class='ocrx_word' id='word_1_142' title='bbox 522 2111 701 2149; x_wconf 92' lang='lat' dir='ltr'><strong>laborum</strong></span> <span class='ocrx_word' id='word_1_143' title='bbox 731 2110 924 2159; x_wconf 90' lang='lat' dir='ltr'><strong>decipitur</strong></span> <span class='ocrx_word' id='word_1_144' title='bbox 953 2120 1078 2156; x_wconf 84' lang='lat' dir='ltr'><strong>sono3</strong></span> 
     </span>
    </p>

    <p class='ocr_par' dir='ltr' id='par_1_16' title="bbox 429 2172 1101 2284">
     <span class='ocr_line' id='line_1_32' title="bbox 429 2172 973 2213; baseline -0.007 0"><span class='ocrx_word' id='word_1_145' title='bbox 429 2175 515 2213; x_wconf 93' lang='lat' dir='ltr'><strong>Nec</strong></span> <span class='ocrx_word' id='word_1_146' title='bbox 543 2179 652 2211; x_wconf 88' lang='lat' dir='ltr'><strong>curat</strong></span> <span class='ocrx_word' id='word_1_147' title='bbox 683 2172 808 2212; x_wconf 88' lang='lat' dir='ltr'><strong>Orion</strong></span> <span class='ocrx_word' id='word_1_148' title='bbox 837 2173 973 2210; x_wconf 87' lang='lat' dir='ltr'><strong>leones</strong></span> 
     </span>
     <span class='ocr_line' id='line_1_33' title="bbox 483 2234 1101 2284; baseline -0.006 -10"><span class='ocrx_word' id='word_1_149' title='bbox 483 2238 563 2274; x_wconf 92' lang='lat' dir='ltr'><strong>Aut</strong></span> <span class='ocrx_word' id='word_1_150' title='bbox 592 2235 753 2274; x_wconf 89' lang='lat' dir='ltr'><strong>timidos</strong></span> <span class='ocrx_word' id='word_1_151' title='bbox 782 2234 927 2284; x_wconf 87' lang='lat' dir='ltr'><strong>agitare</strong></span> <span class='ocrx_word' id='word_1_152' title='bbox 955 2234 1101 2282; x_wconf 89' lang='lat' dir='ltr'><strong>lyncas.</strong></span> 
     </span>
    </p>
   </div>
   <div class='ocr_carea' id='block_1_3' title="bbox 1433 369 1472 392">
    <p class='ocr_par' dir='ltr' id='par_1_17' title="bbox 1433 369 1472 392">
     <span class='ocr_line' id='line_1_34' title="bbox 1433 369 1472 392; baseline -0.026 0"><span class='ocrx_word' id='word_1_153' title='bbox 1433 369 1472 392; x_wconf 86' lang='lat'><strong>10</strong></span> 
     </span>
    </p>
   </div>
   <div class='ocr_carea' id='block_1_4' title="bbox 1434 682 1472 715">
    <p class='ocr_par' dir='ltr' id='par_1_18' title="bbox 1434 682 1472 715">
     <span class='ocr_line' id='line_1_35' title="bbox 1434 682 1472 715; baseline 0 0"><span class='ocrx_word' id='word_1_154' title='bbox 1434 682 1472 715; x_wconf 83' lang='lat'><strong>15</strong></span> 
     </span>
    </p>
   </div>
   <div class='ocr_carea' id='block_1_5' title="bbox 1433 997 1475 1020">
    <p class='ocr_par' dir='ltr' id='par_1_19' title="bbox 1433 997 1475 1020">
     <span class='ocr_line' id='line_1_36' title="bbox 1433 997 1475 1020; baseline -0.024 0"><span class='ocrx_word' id='word_1_155' title='bbox 1433 997 1475 1020; x_wconf 87' lang='lat'><strong>20</strong></span> 
     </span>
    </p>
   </div>
   <div class='ocr_carea' id='block_1_6' title="bbox 1435 1309 1474 1342">
    <p class='ocr_par' dir='ltr' id='par_1_20' title="bbox 1435 1309 1474 1342">
     <span class='ocr_line' id='line_1_37' title="bbox 1435 1309 1474 1342; baseline 0 0"><span class='ocrx_word' id='word_1_156' title='bbox 1435 1309 1474 1342; x_wconf 85' lang='lat'><strong>25</strong></span> 
     </span>
    </p>
   </div>
   <div class='ocr_carea' id='block_1_7' title="bbox 1437 1621 1478 1653">
    <p class='ocr_par' dir='ltr' id='par_1_21' title="bbox 1437 1621 1478 1653">
     <span class='ocr_line' id='line_1_38' title="bbox 1437 1621 1478 1653; baseline 0 -9"><span class='ocrx_word' id='word_1_157' title='bbox 1437 1621 1478 1653; x_wconf 83' lang='lat'><strong>30</strong></span> 
     </span>
    </p>
   </div>
   <div class='ocr_carea' id='block_1_8' title="bbox 1436 1932 1474 1966">
    <p class='ocr_par' dir='ltr' id='par_1_22' title="bbox 1436 1932 1474 1966">
     <span class='ocr_line' id='line_1_39' title="bbox 1436 1932 1474 1966; baseline 0.053 -2"><span class='ocrx_word' id='word_1_158' title='bbox 1436 1932 1474 1966; x_wconf 82' lang='lat'><strong>35</strong></span> 
     </span>
    </p>
   </div>
   <div class='ocr_carea' id='block_1_9' title="bbox 1434 2244 1478 2275">
    <p class='ocr_par' dir='ltr' id='par_1_23' title="bbox 1434 2244 1478 2275">
     <span class='ocr_line' id='line_1_40' title="bbox 1434 2244 1478 2275; baseline 0 -9"><span class='ocrx_word' id='word_1_159' title='bbox 1434 2244 1478 2275; x_wconf 89' lang='lat'><strong>40</strong></span> 
     </span>
    </p>
   </div>
  </div>
 </body>
</html>
