1592 2592
212 166 265 205 32
551 166 649 197 THE
685 168 806 199 ODES
842 170 903 200 01·-
939 170 1145 203 HORACE.

375 265 470 303 Post
499 265 629 315 ignem
659 267 832 307 aetheria
860 269 984 308 domo

427 327 688 375 Subductum,
719 330 865 369 macies
893 338 932 370 et
961 344 1065 371 nova
1092 332 1263 373 febrium
1439 350 1482 382 30

372 390 504 427 Terris
534 390 713 430 incubuit
742 392 896 440 cohors,

425 452 657 503 Semotique
684 455 791 504 prius
819 455 930 494 tarda
959 458 1172 497 necessitas

373 515 460 553 Leti
488 516 676 566 corripuit
702 517 880 567 gradum.

425 577 620 627 Expertus
648 591 816 617 vacuum
848 581 1050 620 Daedalus
1078 583 1169 621 aera

370 640 516 678 Pennis
546 653 627 678 non
657 641 809 679 homini
838 642 966 690 datis;
1435 661 1475 696 35

424 703 604 752 Perrupit
632 703 860 743 Acheronta
891 705 1115 745 Herculeus
1143 706 1267 746 labor.

370 764 436 802 Nil
465 764 696 804 mortalibus
725 766 836 804 ardui
866 773 924 805 est
938 781 949 815 3

424 826 590 865 Caelum
619 827 749 877 ipsum
779 829 950 877 petimus
979 829 1154 878 stultitia,
1185 843 1318 882 neque

368 889 442 926 Per
471 897 648 927 nostrum
677 890 849 939 patimur
877 892 1004 930 scelus

420 951 616 989 Iracunda
646 952 784 990 Iovem
814 965 962 1002 ponere
990 953 1167 992 fulmina.
1428 972 1473 1004 4ο

661 1192 905 1232 CARMEN
935 1193 1007 1232 IV.

659 1300 716 1326 AD
745 1299 779 1327 L.
811 1299 1002 1327 SESTmM.

196 1383 411 1422 SOLV1TUR
440 1385 540 1423 acris
568 1385 723 1434 hiemps
751 1391 859 1434 grata
887 1386 973 1423 vice
1001 1384 1101 1423 veris
1130 1391 1170 1423 et
1200 1385 1360 1433 Favoni,

303 1445 566 1497 Trahuntque
594 1447 718 1485 siccas
747 1447 955 1485 machinae
982 1447 1144 1485 carinas.

194 1508 255 1544 Ac
284 1520 415 1557 neque
444 1508 522 1546 iam
552 1508 715 1546 stabulis
743 1508 889 1559 gaudet
918 1521 1039 1558 pecus
1066 1515 1134 1546 aut
1153 1514 1282 1546 arator
1310 1508 1415 1559 igni;

303 1570 390 1608 Nec
419 1577 528 1620 prata
557 1570 666 1608 canis
694 1570 867 1608 albicant
896 1570 1056 1619 pruinis.

195 1631 280 1668 Iam
311 1632 506 1681 Cytherea
534 1633 677 1670 choros
706 1632 815 1670 ducit
844 1633 982 1670 Venus
1010 1631 1244 1670 imminente
1273 1632 1397 1679 Luna,
1443 1648 1462 1680 5

301 1694 548 1744 Iunctaeque
578 1694 773 1743 Nymphis
803 1694 962 1732 Gratiae
990 1693 1177 1732 decentes

193 1758 357 1797 Alterno
387 1765 529 1797 terram
558 1759 740 1808 quatiunt
770 1758 883 1807 pede,
915 1758 1011 1796 dum
1040 1770 1176 1808 graves
1205 1757 1426 1807 Cyclopum

298 1822 502 1859 Volcanus
530 1821 673 1859 ardens
703 1821 778 1858 urit
808 1819 995 1858 officinas.

192 1883 310 1921 Nunc
339 1883 455 1922 decet
483 1890 551 1921 aut
579 1882 692 1921 viridi
723 1883 894 1921 nitidum
923 1889 1042 1932 caput
1070 1881 1263 1931 impedire
1290 1887 1419 1931 myrto

296 1947 378 1984 Aut
407 1945 513 1991 flore,
545 1951 670 1983 terrae
700 1957 820 1994 quem
849 1944 978 1983 ferunt
1007 1944 1169 1982 solutae.
1418 1958 1458 1981 10

190 2008 309 2045 Nunc
339 2014 378 2046 et
406 2008 446 2045 in
477 2006 672 2046 umbrosis
705 2008 843 2045 Fauno
872 2007 988 2046 decet
1018 2005 1221 2044 immolare
1249 2004 1360 2052 lucis,

296 2070 373 2108 Seu
403 2076 545 2120 poscat,
569 2082 670 2119 agna
699 2070 781 2107 sive
809 2069 919 2107 malit
947 2068 1088 2107 haedo.

190 2132 339 2170 Pallida
371 2133 480 2170 Mors
509 2144 638 2182 aequo
668 2132 795 2181 pulsat
824 2131 928 2181 pede
956 2141 1174 2180 pauperum
1203 2127 1386 2167 tabernas

296 2196 533 2244 Regumque
562 2200 696 2232 turres.
757 2194 794 2232 O
825 2193 940 2231 beate
970 2192 1083 2239 Sesti,

187 2257 302 2294 Vitae
333 2269 488 2294 summa
519 2256 646 2294 brevis
676 2268 786 2305 spem
817 2267 890 2292 nos
918 2261 1022 2292 vetat
1051 2253 1238 2291 inchoare
1266 2251 1436 2301 longam.

296 2319 381 2357 Iam
412 2325 450 2356 te
479 2325 630 2371 premet
659 2330 736 2359 nox
766 2316 1003 2371 fabulaeque
1033 2316 1175 2357 Manes
1412 2319 1451 2356 16
