1592 2592
551 176 682 207 BOOK
716 176 745 206 1.
774 179 835 219 14,
866 179 926 218 15.

272 277 367 316 Heu
394 276 497 315 heu!
526 282 696 327 quantus
725 275 849 325 equis,
879 281 1052 324 quantus
1079 274 1192 312 adest
1221 274 1311 312 viris

271 337 422 376 Sudor!
477 346 624 388 quanta
653 349 788 375 moves
816 338 954 375 funera
983 336 1194 374 Dardanae

270 399 391 438 Genti
421 402 429 438 !
488 400 574 438 Iam
600 399 753 450 galeam
785 399 911 436 Pallas
939 405 978 436 et
1006 397 1146 448 aegida

351 462 579 512 Currusque
605 468 644 500 et
671 460 821 499 rabiem
850 467 970 511 parat.

271 514 525 573 Nequiquam
554 523 720 562 Veneris
748 522 944 572 praesidio
972 522 1082 560 ferox

273 586 413 624 Pectae
441 585 664 632 oeesariem,
693 591 882 634 grataque
910 584 1066 622 seminis

273 646 432 686 Imbelli
459 647 607 685 cithara
634 647 809 685 carmina
837 646 1015 693 divides;

353 709 606 758 Nequiquam
634 708 810 747 thalamo
837 721 972 758 graves

275 774 424 812 Hastas
453 780 492 811 et
519 773 660 811 calami
689 773 839 822 spicula
867 773 1005 812 Cnosii

272 834 428 873 vitabis
455 835 742 884 strepitumque
770 842 809 873 et
836 835 1004 874 celerem
1034 835 1145 884 sequi

275 897 463 945 Aiacem3
490 903 623 935 tamen
653 897 731 935 heu
759 909 869 935 serus
896 897 1095 935 adulteros

357 958 496 998 Crines
526 958 684 1008 pulvere
713 959 888 997 collines.

274 1021 368 1059 Non
398 1020 645 1068 Laiirtiaden,
677 1020 839 1059 exitium
867 1027 959 1058 tuae

274 1081 407 1128 Genti,
437 1093 519 1120 non
548 1082 703 1131 Pylium
733 1082 903 1120 Nestora
930 1082 1120 1131 respicis?

276 1144 431 1193 Urgent
458 1143 645 1193 impavidi
674 1150 714 1181 te
744 1143 979 1182 Salaminius

355 1206 510 1243 Teucer
537 1211 576 1243 et
604 1206 815 1244 Sthenelus
843 1206 972 1244 sciens

275 1267 447 1316 Pugnae,
477 1267 559 1305 sive
586 1279 686 1317 opus
715 1273 775 1305 est
804 1267 1025 1316 imperitare
1052 1269 1176 1317 equis,

276 1328 371 1366 Non
398 1329 530 1378 auriga
558 1329 676 1378 piger.
737 1329 947 1367 Merionen
975 1341 1136 1379 quoque

277 1390 440 1428 Nosces.
497 1390 604 1428 Ecce
633 1390 722 1428 furit
750 1396 791 1428 te
819 1391 988 1439 reperire
1015 1397 1125 1429 atrox

359 1451 534 1500 Tydides
563 1451 701 1489 melior
730 1458 840 1500 patre
852 1466 863 1498 ;

277 1513 410 1561 Quem
438 1519 491 1559 tu,
521 1524 658 1550 cervus
688 1513 744 1550 uti
772 1514 883 1550 vallis
911 1514 952 1550 in
979 1514 1100 1551 altera

277 1574 419 1612 Visum
446 1580 556 1623 parte
584 1575 720 1623 lupum
749 1575 935 1624 graminis
963 1575 1183 1621 immernor,

278 1636 444 1677 Sublimi
474 1638 597 1688 fugies
626 1639 755 1676 mollis
782 1639 970 1686 anhelitu,

360 1700 454 1738 Non
483 1700 559 1738 hoc
588 1699 786 1749 pollicitus
813 1707 916 1738 tuae.

277 1762 473 1800 Iracunda
502 1761 608 1800 diem·
637 1761 807 1811 proferet
837 1761 913 1800 Ilio

279 1823 552 1872 Matronisque
580 1824 777 1873 Phrygum
806 1824 942 1861 classis
971 1825 1165 1873 Achille'1';

280 1886 375 1922 Post
402 1890 527 1922 certas
555 1885 707 1923 hiemes
735 1892 820 1922 uret
849 1884 1047 1922 Achaicus

360 1939 476 1995 Ignis
497 1945 636 1983 Iliacas
662 1944 830 1983 domos!

274 2363 401 2397 qums)

1317 178 1371 218 45

1336 352 1374 374 10

1339 1285 1377 1315 25

1340 1592 1380 1622 30

1340 1903 1378 1936 35
