1592 2592
557 168 684 199 BOOK
708 169 737 198 1.
764 171 913 210 17-20‚
1319 169 1375 209 49

546 387 788 428 CARMEN
816 387 929 425 XIX.

600 494 657 521 DE
682 493 886 521 GLYCERA.

268 581 428 619 MATER
456 591 572 618 saeva
599 578 846 628 Cupidinum

318 641 617 691 Thebanaeque
645 638 754 678 iubet
783 651 848 678 me
875 640 1052 678 Semeles
1080 652 1179 689 puer

266 702 320 740 Et
345 701 490 739 lasciva
519 700 698 738 Licentia

319 762 459 801 Finitis
486 762 662 800 animum
691 761 857 800 reddere
883 760 1097 800 amoribus.

266 825 357 865 Urit
384 836 449 862 me
476 824 667 873 Glycerae
695 824 799 862 nitor
1349 840 1368 870 5

318 886 570 936 Splendentis
599 885 714 924 Pario
742 897 938 923 marmore
966 885 1102 935 purius
1114 899 1126 932 3

265 948 357 988 Urit
382 955 491 998 grata
518 948 747 997 protervitas

319 1008 372 1046 Et
398 1007 526 1046 voltus
554 1007 720 1045 nimium
748 1006 922 1045 lubricus
948 1005 1112 1056 adspici.

266 1071 316 1109 In
343 1082 408 1108 me
435 1076 518 1108 tota
545 1081 662 1108 ruens
690 1070 828 1107 Venus

318 1131 494 1181 Cyprum
522 1131 706 1178 deseruit,
736 1143 811 1169 nec
838 1131 983 1180 patitur
1010 1130 1176 1179 Scythas
1319 1146 1370 1167 ⁷10

266 1194 318 1232 Et
345 1194 464 1232 versis
491 1194 714 1231 animosum
743 1193 856 1242 equis

318 1255 507 1294 Parthum
534 1255 677 1302 dicere,
707 1267 782 1293 nec
809 1266 912 1304 quae
940 1254 1038 1291 nihil
1064 1253 1243 1292 attinent.

268 1317 350 1354 Hic
376 1317 508 1354 vivum
537 1317 634 1354 mihi
662 1317 889 1365 caespitem,
919 1316 984 1353 hic

318 1377 534 1425 Verbenas,
564 1378 685 1428 pueri,
716 1378 852 1427 ponite
878 1378 1074 1427 thuraque

266 1440 370 1478 Bimi
397 1453 489 1477 cum
517 1447 652 1489 patera
680 1439 799 1478 meri:
1330 1455 1367 1486 15

321 1502 497 1539 Mactata
523 1501 654 1539 veniet
681 1501 807 1539 lenior
835 1501 972 1539 hostia.

552 1690 795 1729 CARMEN
823 1692 912 1728 XX.

543 1799 599 1825 AD
626 1798 928 1826 MAECENATEM.

263 1884 374 1921 VJLE
401 1883 557 1932 potabis
585 1882 753 1921 modicis
782 1881 973 1921 Sabinum

264 1944 482 1991 Cantharis,
512 1945 664 1983 Graeca
691 1945 802 1994 quod
830 1956 907 1994 ego
936 1945 1021 1993 ipse
1048 1950 1149 1982 testa

266 2006 486 2046 Conditum
514 2006 601 2052 levi,
631 2006 747 2044 datus
776 2006 817 2044 in
845 2006 999 2044 theatro

371 2068 476 2107 Cum
503 2066 575 2106 tibi
603 2068 775 2116 plausus,

265 2130 366 2169 Care
395 2131 607 2167 Maecenas
635 2141 768 2178 eques,
798 2136 843 2168 ut
869 2129 1020 2179 paterni
1344 2147 1363 2178 5

265 2191 456 2229 Fluminis
483 2191 600 2240 ripae,
631 2191 748 2228 simul
775 2198 815 2229 et
843 2191 977 2229 iocosa

267 2252 467 2290 Redderet
493 2252 630 2290 laudes
657 2252 730 2291 tibi
756 2253 939 2291 Vatioeni

371 2313 523 2351 Montis
550 2313 690 2362 imago.
