1592 2592
149 151 205 202 36
489 160 588 190 THE
623 159 745 190 oDEs
780 160 841 190 oF
877 159 1083 190 HORAcE.

152 261 204 298 Et
231 272 419 309 praeceps
449 260 555 298 Anio
584 272 631 298 ac
660 259 830 298 Tiburni
859 260 972 298 lucus
1001 266 1040 298 et
1069 258 1150 298 uda

260 320 480 360 Mobilibus
510 322 688 372 pomaria
717 322 822 360 rivis.

150 385 278 425 Albus
308 392 351 424 ut
379 385 550 425 obscuro
579 386 756 436 deterget
785 385 921 425 nubila
948 386 1060 425 caelo

258 449 385 498 Saepe
415 449 546 487 Notus
576 460 707 499 neque
735 449 899 499 parturit
927 448 1073 487 imbres

152 511 378 561 Perpetuos,
411 511 466 549 sic
496 517 539 549 tu
569 511 726 561 sapiens
756 511 868 550 finire
896 518 1100 550 memento

259 573 475 611 Tristitiam
496 573 679 624 vitaeque
708 571 862 612 labores

153 635 279 683 Molli,
311 636 467 683 Plance,
500 648 621 682 mero,
653 648 723 675 seu
752 642 791 674 te
820 636 1008 685 fulgentia
1034 636 1156 686 signis

260 698 399 737 Castra
427 705 565 737 tenent
593 711 663 738 seu
693 698 817 737 densa
845 698 996 737 tenebit

150 759 311 799 Tiburis
339 760 481 799 umbra
509 761 578 800 tui.
638 762 793 800 Teucer
823 761 1023 799 Salamina
1050 767 1283 810 patremque

261 822 366 862 Cum
393 823 554 874 fugeret,
587 830 721 862 tamen
750 823 830 862 uda
859 824 992 873 Lyaeo

151 886 352 935 Tempora
379 886 550 935 populea
579 886 700 925 fertur
728 886 899 925 vinxisse
927 898 1086 933 corona,

259 948 325 986 Sic
353 947 480 986 tristes
508 949 649 987 affatus
677 949 851 987 amicos:

156 1011 272 1059 ‘Quo
301 1022 374 1048 nos
403 1022 564 1061 cunque
595 1012 691 1050 feret
721 1011 860 1050 melior
889 1011 1046 1049 fortuna
1074 1016 1237 1060 parente

261 1071 426 1120 Ibimus,
457 1086 482 1111 o
512 1073 609 1111 socii
640 1073 911 1123 comitesque!

154 1135 222 1173 Nil
250 1135 543 1184 desperandum
573 1136 730 1174 Teucro
759 1135 862 1174 duce
892 1141 931 1173 et
960 1135 1122 1184 auspice
1150 1135 1309 1173 Teucro
1323 1148 1335 1182 ;

261 1197 404 1236 Certus
433 1198 541 1236 enirn
569 1198 749 1248 promisit
778 1198 934 1247 Apollo,

154 1259 395 1308 Ambiguam
423 1259 562 1299 tellure
591 1272 693 1298 nova
722 1260 921 1298 Salamina
949 1259 1131 1297 futuram.

262 1322 299 1360 Ο
328 1322 448 1360 fortes
477 1322 691 1372 peioraque
720 1321 824 1372 passi

157 1385 320 1423 Mecum
350 1396 469 1433 saepe
497 1384 577 1431 viri,
610 1397 717 1422 nunc
746 1384 839 1422 vino
868 1384 1001 1433 pellite
1027 1395 1167 1430 curas;

263 1445 361 1485 Cras
389 1446 529 1496 ingens
557 1445 787 1485 iterabimus
815 1445 989 1496 aequor.'

592 1690 837 1730 CARMEN
865 1690 986 1727 VIII.

662 1795 720 1821 AD
746 1795 922 1822 LYDlAM.

159 1883 306 1929 Lva,
338 1882 414 1929 dic,
445 1893 516 1931 per
545 1892 684 1919 omnes

265 1944 325 1981 Te
354 1944 452 1981 deos
481 1955 561 1989 oro,
593 1941 758 1991 Sybarin
786 1954 856 1979 cur
884 1953 1070 1991 properes
1099 1941 1273 1979 amando

161 2005 328 2043 Perdere
343 2019 353 2053 3
397 2017 467 2042 cur
494 2004 671 2054 apricum

267 2066 407 2106 Oderit
435 2079 631 2116 campum,
664 2066 819 2115 patiens
847 2065 1018 2115 pulveris
1045 2071 1165 2114 atque
1194 2064 1317 2102 solis?

160 2130 241 2168 Cur
270 2142 400 2178 neque
431 2129 607 2166 militaris

269 2191 378 2229 Inter
406 2190 590 2239 aequales
621 2190 781 2239 equitat,
812 2189 965 2228 Gallica
993 2201 1068 2227 nec
1096 2188 1239 2238 lupatis

161 2255 374 2302 Temperat
403 2265 470 2290 ora
501 2253 648 2290 frenis?

269 2314 351 2353 Cur
379 2313 491 2352 timet
520 2313 664 2351 flavum
693 2313 870 2352 Tiberim
899 2315 1088 2363 tangere?
1125 2314 1207 2352 Cur
1235 2313 1382 2351 olivum

1383 401 1422 434 15

1384 715 1424 736 20

1385 1025 1424 1056 25

1385 1335 1426 1366 30
