1592 2592
581 147 709 179 BOOK
745 148 773 177 1.
796 149 862 188 27,
887 139 953 178 28.

529 306 771 346 CARMEN
799 305 1000 343 XXVIII.

650 411 882 439 AchvTAs.

136 499 204 538 ΤΕ
229 499 348 537 maris
374 505 415 537 et
442 504 567 536 terrae
595 509 842 546 numeroque
868 496 1038 535 carentis
1066 496 1239 533 harenae

193 561 423 599 Mensorem
450 559 651 606 cohibent,
682 559 865 608 Archyta,

139 622 314 661 Pulveris
341 621 470 672 exigui
499 633 622 671 prope
649 621 741 658 litus
770 632 888 669 parva
918 620 1116 658 Matinum
1171 658 1174 659 γ

193 685 372 731 Munera,
404 696 478 722 nec
505 683 723 733 quidquam
752 682 824 720 tibi
854 682 1014 732 prodest

138 746 276 785 Aerias
303 752 476 784 tentasse
503 745 647 783 domos
674 745 890 794 animoque
917 744 1132 782 rotundum

194 808 434 846 Percurrisse
461 807 598 856 polum
627 807 827 845 morituro.

141 870 300 910 Occidit
329 876 370 908 et
398 869 555 918 Pelopis
582 869 737 919 genitor
764 868 931 906 conviva
958 867 1137 914 deorum,

195 932 473 980 Tithonusque
500 939 674 969 remotus
702 931 742 968 in
770 942 885 968 auras

144 994 198 1032 Et
224 993 333 1032 Iovis
359 992 511 1030 armnis
540 993 675 1031 Minos
702 992 899 1031 admissus
926 991 1156 1041 habentque

195 1055 357 1093 Tartara
385 1054 633 1093 Panthoiden
662 1054 804 1093 iterum
832 1054 939 1093 Orco

145 1117 385 1164 Demissum‚
414 1117 594 1166 quamvis
623 1117 752 1166 clipeo
780 1116 954 1155 Troiana
981 1116 1104 1154 refixo

197 1180 395 1228 Tempora
422 1185 588 1217 testatus
616 1178 714 1216 nihil
742 1179 843 1216 ultra

146 1242 298 1280 Nervos
324 1248 443 1290 atque
472 1248 603 1279 cutem
634 1241 750 1278 morti
778 1246 1027 1278 concesserat
1053 1246 1170 1286 atrae,

199 1302 338 1341 Iudice
366 1309 406 1341 te
425 1315 506 1340 non
535 1302 720 1341 sordidus
748 1309 885 1341 auctor

146 1366 320 1404 Naturae
347 1364 516 1414 verique.
575 1364 654 1403 Sed
682 1376 823 1402 omnes
850 1376 930 1402 una
957 1370 1091 1402 manet
1119 1375 1199 1401 nox

199 1427 253 1464 Et
278 1426 468 1464 oeloenda
496 1426 619 1464 semel
647 1426 709 1463 via
736 1426 815 1464 leti.
940 1474 943 1475 ⁷

147 1489 258 1526 Dant
283 1488 381 1526 alios
411 1488 550 1526 Furiae
579 1496 691 1526 torvo
719 1487 943 1537 spectacula
972 1487 1115 1534 Marti;

202 1549 333 1588 Exitio
360 1556 420 1588 est
448 1549 609 1588 avidum
638 1561 746 1587 mare
774 1549 928 1596 nautis;

149 1614 277 1652 Mixta
303 1626 444 1652 senum
471 1626 519 1652 ac
547 1614 735 1652 iuvenum
763 1613 981 1652 densentur
1008 1613 1157 1659 funera,
1187 1612 1341 1650 nullum

202 1679 325 1717 Saeva
353 1685 472 1728 caput
502 1678 734 1728 Proserpina
761 1678 870 1728 fugit.

150 1741 221 1779 Me
248 1753 408 1790 quoque
435 1740 574 1779 devexi
603 1740 763 1790 rapidus
789 1752 925 1779 comes
953 1739 1113 1779 Orionis

204 1803 367 1852 Illyricis
396 1803 525 1840 Notus
553 1802 684 1841 obruit
711 1802 842 1841 undis.

150 1865 205 1902 At
232 1872 285 1910 tu,
317 1872 445 1911 nauta,
476 1877 596 1914 vagae
625 1877 677 1902 ne
703 1876 820 1914 parce
847 1864 1042 1914 malignus
1070 1863 1241 1901 harenae

206 1925 373 1965 Ossibus
401 1934 441 1965 et
468 1927 585 1976 capiti
614 1927 820 1965 inhumato

1367 1068 1409 1091 10

1370 1378 1408 1410 15

1372 1694 1413 1715 20

153 1989 386 2026 Particulam
416 1989 521 2027 dare.
579 1988 655 2035 Sic,
686 1988 956 2038 quodcunque
984 1986 1198 2025 minabitur
1227 1987 1356 2024 Eurus
1374 2002 1411 2033 ²5

208 2049 410 2088 Fluctibus
442 2050 656 2099 Hesperiis,
687 2050 916 2088 Venusinae

154 2112 379 2149 Plectantur
406 2112 526 2150 silvae
553 2118 594 2150 te
621 2112 780 2160 sospite,
811 2111 1014 2160 multaque
1043 2122 1205 2156 merces,

208 2174 331 2212 Unde
359 2181 499 2222 potest,
529 2173 601 2211 tibi
630 2173 778 2211 defluat
804 2185 934 2222 aequo

155 2234 220 2273 Ab
251 2236 346 2273 Iove
375 2235 646 2284 Neptunoque
674 2235 772 2273 sacri
799 2235 966 2272 custode
993 2233 1169 2272 Tarenti.

213 2297 398 2346 Neglegis
426 2296 628 2334 immeritis
659 2296 876 2336 nocituram
