<?xml version="1.0" encoding="UTF-8"?>
<!DOCTYPE html PUBLIC "-//W3C//DTD XHTML 1.0 Transitional//EN"
    "http://www.w3.org/TR/xhtml1/DTD/xhtml1-transitional.dtd">
<html xmlns="http://www.w3.org/1999/xhtml" xml:lang="en" lang="en">
 <head>
  <title>
</title>
<meta http-equiv="Content-Type" content="text/html;charset=utf-8" />
  <meta name='ocr-system' content='tesseract 3.04.00' />
  <meta name='ocr-capabilities' content='ocr_page ocr_carea ocr_par ocr_line ocrx_word'/>
</head>
<body>
  <div class='ocr_page' id='page_1' title='image "./odesofhoracebook01horauoft_0184.png"; bbox 0 0 1592 2592; ppageno 0'>
   <div class='ocr_carea' id='block_1_1' title="bbox 220 183 271 220">
    <p class='ocr_par' dir='ltr' id='par_1_1' title="bbox 220 183 271 220">
     <span class='ocr_line' id='line_1_1' title="bbox 220 183 271 220; baseline 0 0"><span class='ocrx_word' id='word_1_1' title='bbox 220 183 271 220; x_wconf 87' lang='lat'><strong>28</strong></span> 
     </span>
    </p>
   </div>
   <div class='ocr_carea' id='block_1_2' title="bbox 557 186 1152 218">
    <p class='ocr_par' dir='ltr' id='par_1_2' title="bbox 557 186 1152 218">
     <span class='ocr_line' id='line_1_2' title="bbox 557 186 1152 218; baseline -0.002 0"><span class='ocrx_word' id='word_1_2' title='bbox 557 187 657 218; x_wconf 84' lang='lat' dir='ltr'><strong>THE</strong></span> <span class='ocrx_word' id='word_1_3' title='bbox 692 187 813 218; x_wconf 84' lang='lat' dir='ltr'>ODES</span> <span class='ocrx_word' id='word_1_4' title='bbox 849 187 909 217; x_wconf 86' lang='lat' dir='ltr'><strong>OF</strong></span> <span class='ocrx_word' id='word_1_5' title='bbox 945 186 1152 218; x_wconf 85' lang='lat' dir='ltr'>HORACE.</span> 
     </span>
    </p>
   </div>
   <div class='ocr_carea' id='block_1_3' title="bbox 381 293 1264 1523">
    <p class='ocr_par' dir='ltr' id='par_1_3' title="bbox 381 293 1264 1523">
     <span class='ocr_line' id='line_1_3' title="bbox 384 293 1127 332; baseline -0.003 0"><span class='ocrx_word' id='word_1_6' title='bbox 384 293 515 332; x_wconf 90' lang='lat' dir='ltr'>Movit</span> <span class='ocrx_word' id='word_1_7' title='bbox 542 293 707 331; x_wconf 90' lang='lat' dir='ltr'><strong>Aiacem</strong></span> <span class='ocrx_word' id='word_1_8' title='bbox 737 293 959 331; x_wconf 85' lang='lat' dir='ltr'>Telamone</span> <span class='ocrx_word' id='word_1_9' title='bbox 989 298 1127 330; x_wconf 91' lang='lat' dir='ltr'><strong>natum</strong></span> 
     </span>
     <span class='ocr_line' id='line_1_4' title="bbox 384 355 1264 405; baseline -0.001 -12"><span class='ocrx_word' id='word_1_10' title='bbox 384 356 528 394; x_wconf 91' lang='lat' dir='ltr'><strong>Forma</strong></span> <span class='ocrx_word' id='word_1_11' title='bbox 556 355 734 405; x_wconf 90' lang='lat' dir='ltr'><strong>captivae</strong></span> <span class='ocrx_word' id='word_1_12' title='bbox 761 355 971 393; x_wconf 91' lang='lat' dir='ltr'><strong>dominum</strong></span> <span class='ocrx_word' id='word_1_13' title='bbox 1001 356 1264 402; x_wconf 85' lang='lat' dir='ltr'><strong>Tecmessae;</strong></span> 
     </span>
     <span class='ocr_line' id='line_1_5' title="bbox 382 416 1144 467; baseline -0.001 -10"><span class='ocrx_word' id='word_1_14' title='bbox 382 418 490 457; x_wconf 89' lang='lat' dir='ltr'><strong>Arsit</strong></span> <span class='ocrx_word' id='word_1_15' title='bbox 518 418 677 456; x_wconf 88' lang='lat' dir='ltr'>Atrides</span> <span class='ocrx_word' id='word_1_16' title='bbox 707 417 842 456; x_wconf 91' lang='lat' dir='ltr'><strong>medio</strong></span> <span class='ocrx_word' id='word_1_17' title='bbox 872 417 913 455; x_wconf 90' lang='lat' dir='ltr'><strong>in</strong></span> <span class='ocrx_word' id='word_1_18' title='bbox 940 416 1144 467; x_wconf 87' lang='lat' dir='ltr'><strong>triumpho</strong></span> 
     </span>
     <span class='ocr_line' id='line_1_6' title="bbox 491 481 803 532; baseline 0 -13"><span class='ocrx_word' id='word_1_19' title='bbox 491 481 655 532; x_wconf 89' lang='lat' dir='ltr'>Virgine</span> <span class='ocrx_word' id='word_1_20' title='bbox 683 488 803 531; x_wconf 87' lang='lat' dir='ltr'><strong>rapta,</strong></span> 
     </span>
     <span class='ocr_line' id='line_1_7' title="bbox 383 542 1213 594; baseline -0.002 -12"><span class='ocrx_word' id='word_1_21' title='bbox 383 543 581 583; x_wconf 86' lang='lat' dir='ltr'><strong>Barbarae</strong></span> <span class='ocrx_word' id='word_1_22' title='bbox 609 551 821 594; x_wconf 89' lang='lat' dir='ltr'><strong>postquam</strong></span> <span class='ocrx_word' id='word_1_23' title='bbox 850 542 1032 582; x_wconf 88' lang='lat' dir='ltr'><strong>cecidere</strong></span> <span class='ocrx_word' id='word_1_24' title='bbox 1059 548 1213 581; x_wconf 87' lang='lat' dir='ltr'><strong>turmae</strong></span> 
     </span>
     <span class='ocr_line' id='line_1_8' title="bbox 384 606 1248 655; baseline -0.002 -10"><span class='ocrx_word' id='word_1_25' title='bbox 384 607 579 645; x_wconf 88' lang='lat' dir='ltr'><strong>Thessalo</strong></span> <span class='ocrx_word' id='word_1_26' title='bbox 607 607 755 644; x_wconf 90' lang='lat' dir='ltr'><strong>victore</strong></span> <span class='ocrx_word' id='word_1_27' title='bbox 784 612 824 644; x_wconf 90' lang='lat' dir='ltr'><strong>et</strong></span> <span class='ocrx_word' id='word_1_28' title='bbox 852 606 1063 655; x_wconf 86' lang='lat' dir='ltr'><strong>ademptus</strong></span> <span class='ocrx_word' id='word_1_29' title='bbox 1095 606 1248 643; x_wconf 88' lang='lat' dir='ltr'><strong>Hector</strong></span> 
     </span>
     <span class='ocr_line' id='line_1_9' title="bbox 381 668 993 708; baseline -0.002 -1"><span class='ocrx_word' id='word_1_30' title='bbox 381 669 567 708; x_wconf 87' lang='lat' dir='ltr'><strong>Tradidit</strong></span> <span class='ocrx_word' id='word_1_31' title='bbox 595 669 706 708; x_wconf 89' lang='lat' dir='ltr'><strong>sessis</strong></span> <span class='ocrx_word' id='word_1_32' title='bbox 735 669 881 707; x_wconf 92' lang='lat' dir='ltr'><strong>leviora</strong></span> <span class='ocrx_word' id='word_1_33' title='bbox 908 668 993 707; x_wconf 88' lang='lat' dir='ltr'><strong>tolli</strong></span> 
     </span>
     <span class='ocr_line' id='line_1_10' title="bbox 492 731 856 783; baseline -0.003 -13"><span class='ocrx_word' id='word_1_34' title='bbox 492 734 685 783; x_wconf 90' lang='lat' dir='ltr'><strong>Pergama</strong></span> <span class='ocrx_word' id='word_1_35' title='bbox 714 731 856 770; x_wconf 88' lang='lat' dir='ltr'><strong>Graiis.</strong></span> 
     </span>
     <span class='ocr_line' id='line_1_11' title="bbox 383 792 1051 844; baseline -0.004 -11"><span class='ocrx_word' id='word_1_36' title='bbox 383 794 550 834; x_wconf 91' lang='lat' dir='ltr'><strong>Nescias</strong></span> <span class='ocrx_word' id='word_1_37' title='bbox 578 807 630 833; x_wconf 90' lang='lat' dir='ltr'><strong>an</strong></span> <span class='ocrx_word' id='word_1_38' title='bbox 659 801 698 833; x_wconf 92' lang='lat' dir='ltr'><strong>te</strong></span> <span class='ocrx_word' id='word_1_39' title='bbox 724 805 916 844; x_wconf 89' lang='lat' dir='ltr'><strong>generum</strong></span> <span class='ocrx_word' id='word_1_40' title='bbox 945 792 1051 831; x_wconf 88' lang='lat' dir='ltr'><strong>beati</strong></span> 
     </span>
     <span class='ocr_line' id='line_1_12' title="bbox 384 856 1182 907; baseline -0.001 -12"><span class='ocrx_word' id='word_1_41' title='bbox 384 857 575 907; x_wconf 88' lang='lat' dir='ltr'><strong>Phyllidis</strong></span> <span class='ocrx_word' id='word_1_42' title='bbox 603 857 727 895; x_wconf 89' lang='lat' dir='ltr'><strong>flavae</strong></span> <span class='ocrx_word' id='word_1_43' title='bbox 756 856 946 895; x_wconf 88' lang='lat' dir='ltr'><strong>decorent</strong></span> <span class='ocrx_word' id='word_1_44' title='bbox 976 861 1182 905; x_wconf 90' lang='lat' dir='ltr'><strong>parentes:</strong></span> 
     </span>
     <span class='ocr_line' id='line_1_13' title="bbox 387 919 1116 971; baseline -0.004 -13"><span class='ocrx_word' id='word_1_45' title='bbox 387 921 560 971; x_wconf 87' lang='lat' dir='ltr'><strong>Regium</strong></span> <span class='ocrx_word' id='word_1_46' title='bbox 590 926 696 958; x_wconf 87' lang='lat' dir='ltr'><strong>certe</strong></span> <span class='ocrx_word' id='word_1_47' title='bbox 723 931 848 970; x_wconf 91' lang='lat' dir='ltr'><strong>genus</strong></span> <span class='ocrx_word' id='word_1_48' title='bbox 879 925 917 957; x_wconf 92' lang='lat' dir='ltr'><strong>et</strong></span> <span class='ocrx_word' id='word_1_49' title='bbox 946 919 1116 957; x_wconf 79' lang='lat' dir='ltr'><strong>Penates</strong></span> 
     </span>
     <span class='ocr_line' id='line_1_14' title="bbox 494 982 846 1033; baseline -0.003 -12"><span class='ocrx_word' id='word_1_50' title='bbox 494 984 648 1021; x_wconf 92' lang='lat' dir='ltr'><strong>Maeret</strong></span> <span class='ocrx_word' id='word_1_51' title='bbox 676 982 846 1033; x_wconf 88' lang='lat' dir='ltr'><strong>iniquos.</strong></span> 
     </span>
     <span class='ocr_line' id='line_1_15' title="bbox 385 1043 1144 1085; baseline -0.004 -1"><span class='ocrx_word' id='word_1_52' title='bbox 385 1045 517 1085; x_wconf 88' lang='lat' dir='ltr'><strong>Crede</strong></span> <span class='ocrx_word' id='word_1_53' title='bbox 546 1058 629 1084; x_wconf 91' lang='lat' dir='ltr'><strong>non</strong></span> <span class='ocrx_word' id='word_1_54' title='bbox 658 1045 765 1083; x_wconf 90' lang='lat' dir='ltr'><strong>illam</strong></span> <span class='ocrx_word' id='word_1_55' title='bbox 795 1043 867 1082; x_wconf 85' lang='lat' dir='ltr'><strong>tibi</strong></span> <span class='ocrx_word' id='word_1_56' title='bbox 897 1043 949 1082; x_wconf 92' lang='lat' dir='ltr'><strong>de</strong></span> <span class='ocrx_word' id='word_1_57' title='bbox 978 1043 1144 1081; x_wconf 90' lang='lat' dir='ltr'><strong>scelesta</strong></span> 
     </span>
     <span class='ocr_line' id='line_1_16' title="bbox 385 1106 1186 1157; baseline -0.005 -10"><span class='ocrx_word' id='word_1_58' title='bbox 385 1107 508 1147; x_wconf 92' lang='lat' dir='ltr'><strong>Plebe</strong></span> <span class='ocrx_word' id='word_1_59' title='bbox 537 1108 737 1155; x_wconf 89' lang='lat' dir='ltr'><strong>dilectam,</strong></span> <span class='ocrx_word' id='word_1_60' title='bbox 769 1119 900 1157; x_wconf 91' lang='lat' dir='ltr'><strong>neque</strong></span> <span class='ocrx_word' id='word_1_61' title='bbox 929 1106 985 1145; x_wconf 93' lang='lat' dir='ltr'><strong>sic</strong></span> <span class='ocrx_word' id='word_1_62' title='bbox 1015 1106 1186 1152; x_wconf 89' lang='lat' dir='ltr'><strong>fidelem,</strong></span> 
     </span>
     <span class='ocr_line' id='line_1_17' title="bbox 383 1168 1135 1219; baseline -0.007 -9"><span class='ocrx_word' id='word_1_63' title='bbox 383 1172 450 1210; x_wconf 90' lang='lat' dir='ltr'><strong>Sic</strong></span> <span class='ocrx_word' id='word_1_64' title='bbox 478 1172 588 1210; x_wconf 91' lang='lat' dir='ltr'><strong>lucro</strong></span> <span class='ocrx_word' id='word_1_65' title='bbox 616 1183 791 1209; x_wconf 91' lang='lat' dir='ltr'><strong>aversam</strong></span> <span class='ocrx_word' id='word_1_66' title='bbox 823 1169 999 1219; x_wconf 89' lang='lat' dir='ltr'><strong>potuisse</strong></span> <span class='ocrx_word' id='word_1_67' title='bbox 1027 1168 1135 1206; x_wconf 93' lang='lat' dir='ltr'><strong>nasci</strong></span> 
     </span>
     <span class='ocr_line' id='line_1_18' title="bbox 495 1232 854 1282; baseline -0.003 -11"><span class='ocrx_word' id='word_1_68' title='bbox 495 1234 625 1271; x_wconf 90' lang='lat' dir='ltr'><strong>Matre</strong></span> <span class='ocrx_word' id='word_1_69' title='bbox 654 1232 854 1282; x_wconf 89' lang='lat' dir='ltr'><strong>pudenda.</strong></span> 
     </span>
     <span class='ocr_line' id='line_1_19' title="bbox 386 1296 1192 1343; baseline -0.006 -8"><span class='ocrx_word' id='word_1_70' title='bbox 386 1296 553 1335; x_wconf 89' lang='lat' dir='ltr'><strong>Brachia</strong></span> <span class='ocrx_word' id='word_1_71' title='bbox 581 1303 620 1334; x_wconf 92' lang='lat' dir='ltr'><strong>et</strong></span> <span class='ocrx_word' id='word_1_72' title='bbox 650 1296 802 1334; x_wconf 90' lang='lat' dir='ltr'><strong>vultum</strong></span> <span class='ocrx_word' id='word_1_73' title='bbox 831 1301 1054 1343; x_wconf 91' lang='lat' dir='ltr'><strong>teretesque</strong></span> <span class='ocrx_word' id='word_1_74' title='bbox 1082 1304 1192 1331; x_wconf 89' lang='lat' dir='ltr'><strong>suras</strong></span> 
     </span>
     <span class='ocr_line' id='line_1_20' title="bbox 387 1355 1074 1409; baseline -0.006 -12"><span class='ocrx_word' id='word_1_75' title='bbox 387 1360 546 1409; x_wconf 87' lang='lat' dir='ltr'><strong>Integer</strong></span> <span class='ocrx_word' id='word_1_76' title='bbox 572 1358 719 1406; x_wconf 88' lang='lat' dir='ltr'><strong>laudo;</strong></span> <span class='ocrx_word' id='word_1_77' title='bbox 755 1357 847 1407; x_wconf 89' lang='lat' dir='ltr'><strong>fuge</strong></span> <span class='ocrx_word' id='word_1_78' title='bbox 875 1355 1074 1406; x_wconf 88' lang='lat' dir='ltr'><strong>suspicari,</strong></span> 
     </span>
     <span class='ocr_line' id='line_1_21' title="bbox 385 1418 1100 1469; baseline -0.008 -8"><span class='ocrx_word' id='word_1_79' title='bbox 385 1422 511 1462; x_wconf 90' lang='lat' dir='ltr'><strong>Cuius</strong></span> <span class='ocrx_word' id='word_1_80' title='bbox 541 1427 726 1459; x_wconf 88' lang='lat' dir='ltr'><strong>octavum</strong></span> <span class='ocrx_word' id='word_1_81' title='bbox 755 1418 964 1469; x_wconf 89' lang='lat' dir='ltr'><strong>trepidavit</strong></span> <span class='ocrx_word' id='word_1_82' title='bbox 991 1424 1100 1457; x_wconf 86' lang='lat' dir='ltr'><strong>aetas</strong></span> 
     </span>
     <span class='ocr_line' id='line_1_22' title="bbox 494 1483 900 1523; baseline -0.007 0"><span class='ocrx_word' id='word_1_83' title='bbox 494 1483 692 1523; x_wconf 92' lang='lat' dir='ltr'><strong>Claudere</strong></span> <span class='ocrx_word' id='word_1_84' title='bbox 721 1483 900 1521; x_wconf 89' lang='lat' dir='ltr'><strong>lustrum.</strong></span> 
     </span>
    </p>
   </div>
   <div class='ocr_carea' id='block_1_4' title="bbox 696 1738 1018 1779">
    <p class='ocr_par' dir='ltr' id='par_1_4' title="bbox 696 1738 1018 1779">
     <span class='ocr_line' id='line_1_23' title="bbox 696 1738 1018 1779; baseline -0.012 0"><span class='ocrx_word' id='word_1_85' title='bbox 696 1738 941 1779; x_wconf 90' lang='lat' dir='ltr'><strong>CARMEN</strong></span> <span class='ocrx_word' id='word_1_86' title='bbox 969 1738 1018 1776; x_wconf 91' lang='lat' dir='ltr'><strong>V.</strong></span> 
     </span>
    </p>
   </div>
   <div class='ocr_carea' id='block_1_5' title="bbox 578 1843 1130 1874">
    <p class='ocr_par' dir='ltr' id='par_1_5' title="bbox 578 1843 1130 1874">
     <span class='ocr_line' id='line_1_24' title="bbox 578 1843 1130 1874; baseline -0.009 0"><span class='ocrx_word' id='word_1_87' title='bbox 578 1848 636 1874; x_wconf 82' lang='lat' dir='ltr'><strong>AD</strong></span> <span class='ocrx_word' id='word_1_88' title='bbox 664 1845 901 1873; x_wconf 84' lang='lat' dir='ltr'><strong>AMATOREM</strong></span> <span class='ocrx_word' id='word_1_89' title='bbox 934 1843 1130 1871; x_wconf 86' lang='lat' dir='ltr'><strong>LALAGES.</strong></span> 
     </span>
    </p>
   </div>
   <div class='ocr_carea' id='block_1_6' title="bbox 388 1919 1272 2399">
    <p class='ocr_par' dir='ltr' id='par_1_6' title="bbox 388 1919 1272 2399">
     <span class='ocr_line' id='line_1_25' title="bbox 389 1919 1205 1970; baseline -0.01 -6"><span class='ocrx_word' id='word_1_90' title='bbox 389 1927 586 1964; x_wconf 84' lang='lat' dir='ltr'><strong>NONDUM</strong></span> <span class='ocrx_word' id='word_1_91' title='bbox 616 1923 780 1962; x_wconf 89' lang='lat' dir='ltr'><strong>subacta</strong></span> <span class='ocrx_word' id='word_1_92' title='bbox 809 1922 907 1960; x_wconf 91' lang='lat' dir='ltr'><strong>ferre</strong></span> <span class='ocrx_word' id='word_1_93' title='bbox 937 1921 1071 1970; x_wconf 91' lang='lat' dir='ltr'><strong>iugum</strong></span> <span class='ocrx_word' id='word_1_94' title='bbox 1101 1919 1205 1957; x_wconf 90' lang='lat' dir='ltr'><strong>valet</strong></span> 
     </span>
     <span class='ocr_line' id='line_1_26' title="bbox 388 1981 1164 2033; baseline -0.012 -6"><span class='ocrx_word' id='word_1_95' title='bbox 388 1988 562 2033; x_wconf 88' lang='lat' dir='ltr'><strong>Cervice,</strong></span> <span class='ocrx_word' id='word_1_96' title='bbox 594 1985 775 2024; x_wconf 89' lang='lat' dir='ltr'><strong>nondum</strong></span> <span class='ocrx_word' id='word_1_97' title='bbox 805 1983 940 2021; x_wconf 90' lang='lat' dir='ltr'><strong>munia</strong></span> <span class='ocrx_word' id='word_1_98' title='bbox 969 1981 1164 2031; x_wconf 90' lang='lat' dir='ltr'><strong>comparis</strong></span> 
     </span>
     <span class='ocr_line' id='line_1_27' title="bbox 441 2044 1046 2099; baseline -0.01 -11"><span class='ocrx_word' id='word_1_99' title='bbox 441 2051 635 2099; x_wconf 91' lang='lat' dir='ltr'><strong>Aequare,</strong></span> <span class='ocrx_word' id='word_1_100' title='bbox 667 2059 741 2085; x_wconf 90' lang='lat' dir='ltr'><strong>nec</strong></span> <span class='ocrx_word' id='word_1_101' title='bbox 770 2046 869 2084; x_wconf 86' lang='lat' dir='ltr'><strong>tauri</strong></span> <span class='ocrx_word' id='word_1_102' title='bbox 898 2044 1046 2083; x_wconf 88' lang='lat' dir='ltr'><strong>ruentis</strong></span> 
     </span>
     <span class='ocr_line' id='line_1_28' title="bbox 497 2106 1163 2157; baseline -0.009 -7"><span class='ocrx_word' id='word_1_103' title='bbox 497 2113 545 2150; x_wconf 93' lang='lat' dir='ltr'><strong>In</strong></span> <span class='ocrx_word' id='word_1_104' title='bbox 574 2112 771 2149; x_wconf 90' lang='lat' dir='ltr'><strong>Venerem</strong></span> <span class='ocrx_word' id='word_1_105' title='bbox 802 2108 967 2147; x_wconf 86' lang='lat' dir='ltr'><strong>tolerare</strong></span> <span class='ocrx_word' id='word_1_106' title='bbox 996 2106 1163 2157; x_wconf 91' lang='lat' dir='ltr'><strong>pondus.</strong></span> 
     </span>
     <span class='ocr_line' id='line_1_29' title="bbox 389 2171 1096 2214; baseline -0.01 -1"><span class='ocrx_word' id='word_1_107' title='bbox 389 2174 503 2214; x_wconf 89' lang='lat' dir='ltr'><strong>Circa</strong></span> <span class='ocrx_word' id='word_1_108' title='bbox 532 2174 702 2211; x_wconf 90' lang='lat' dir='ltr'><strong>virentes</strong></span> <span class='ocrx_word' id='word_1_109' title='bbox 733 2179 791 2210; x_wconf 92' lang='lat' dir='ltr'><strong>est</strong></span> <span class='ocrx_word' id='word_1_110' title='bbox 820 2171 976 2209; x_wconf 90' lang='lat' dir='ltr'><strong>animus</strong></span> <span class='ocrx_word' id='word_1_111' title='bbox 1005 2177 1096 2207; x_wconf 88' lang='lat' dir='ltr'><strong>tuae</strong></span> 
     </span>
     <span class='ocr_line' id='line_1_30' title="bbox 389 2232 1272 2286; baseline -0.009 -11"><span class='ocrx_word' id='word_1_112' title='bbox 389 2238 564 2286; x_wconf 86' lang='lat' dir='ltr'><strong>Campos</strong></span> <span class='ocrx_word' id='word_1_113' title='bbox 593 2236 794 2282; x_wconf 89' lang='lat' dir='ltr'><strong>iuvencae,</strong></span> <span class='ocrx_word' id='word_1_114' title='bbox 826 2245 933 2271; x_wconf 91' lang='lat' dir='ltr'><strong>nunc</strong></span> <span class='ocrx_word' id='word_1_115' title='bbox 962 2232 1087 2270; x_wconf 89' lang='lat' dir='ltr'><strong>fluviis</strong></span> <span class='ocrx_word' id='word_1_116' title='bbox 1115 2242 1272 2281; x_wconf 89' lang='lat' dir='ltr'><strong>gravem</strong></span> 
     </span>
     <span class='ocr_line' id='line_1_31' title="bbox 442 2294 1126 2344; baseline -0.009 -7"><span class='ocrx_word' id='word_1_117' title='bbox 442 2299 613 2337; x_wconf 88' lang='lat' dir='ltr'><strong>Solantis</strong></span> <span class='ocrx_word' id='word_1_118' title='bbox 642 2304 808 2344; x_wconf 89' lang='lat' dir='ltr'><strong>aestum,</strong></span> <span class='ocrx_word' id='word_1_119' title='bbox 840 2308 946 2334; x_wconf 90' lang='lat' dir='ltr'><strong>nunc</strong></span> <span class='ocrx_word' id='word_1_120' title='bbox 976 2295 1015 2332; x_wconf 90' lang='lat' dir='ltr'><strong>in</strong></span> <span class='ocrx_word' id='word_1_121' title='bbox 1045 2294 1126 2333; x_wconf 93' lang='lat' dir='ltr'><strong>udo</strong></span> 
     </span>
     <span class='ocr_line' id='line_1_32' title="bbox 499 2357 1099 2399; baseline -0.012 1"><span class='ocrx_word' id='word_1_122' title='bbox 499 2361 654 2399; x_wconf 90' lang='lat' dir='ltr'><strong>Ludere</strong></span> <span class='ocrx_word' id='word_1_123' title='bbox 682 2372 774 2397; x_wconf 90' lang='lat' dir='ltr'><strong>cum</strong></span> <span class='ocrx_word' id='word_1_124' title='bbox 803 2358 933 2396; x_wconf 90' lang='lat' dir='ltr'><strong>vitulis</strong></span> <span class='ocrx_word' id='word_1_125' title='bbox 962 2357 1099 2395; x_wconf 87' lang='lat' dir='ltr'><strong>salicto</strong></span> 
     </span>
    </p>
   </div>
   <div class='ocr_carea' id='block_1_7' title="bbox 1449 619 1488 641">
    <p class='ocr_par' dir='ltr' id='par_1_7' title="bbox 1449 619 1488 641">
     <span class='ocr_line' id='line_1_33' title="bbox 1449 619 1488 641; baseline 0 0"><span class='ocrx_word' id='word_1_126' title='bbox 1449 619 1488 641; x_wconf 86' lang='lat'><strong>10</strong></span> 
     </span>
    </p>
   </div>
   <div class='ocr_carea' id='block_1_8' title="bbox 1449 929 1488 963">
    <p class='ocr_par' dir='ltr' id='par_1_8' title="bbox 1449 929 1488 963">
     <span class='ocr_line' id='line_1_34' title="bbox 1449 929 1488 963; baseline 0 0"><span class='ocrx_word' id='word_1_127' title='bbox 1449 929 1488 963; x_wconf 82' lang='lat'><strong>15</strong></span> 
     </span>
    </p>
   </div>
   <div class='ocr_carea' id='block_1_9' title="bbox 1446 1243 1491 1265">
    <p class='ocr_par' dir='ltr' id='par_1_9' title="bbox 1446 1243 1491 1265">
     <span class='ocr_line' id='line_1_35' title="bbox 1446 1243 1491 1265; baseline 0.022 -1"><span class='ocrx_word' id='word_1_128' title='bbox 1446 1243 1491 1265; x_wconf 82' lang='lat'><strong>20</strong></span> 
     </span>
    </p>
   </div>
  </div>
 </body>
</html>
