1592 2592
555 185 652 215 THE
687 183 808 215 ODES
844 183 904 214 01²·
941 181 1148 213 HORACE.

380 292 586 331 Poscentis
615 291 701 330 aevi
730 302 866 340 pauca.
928 289 1043 339 Fugit
1070 295 1174 328 retro

381 354 497 393 Levis
527 355 706 392 iuventas
735 359 774 392 et
803 353 934 400 decor,
967 351 1076 390 arida

435 417 612 455 Pellente
640 416 806 454 lascivos
834 427 989 454 amores

488 479 646 519 Canitie
674 479 913 527 facilemque
942 489 1141 516 somnum.

380 543 475 581 Non
496 554 651 592 semper
680 541 787 580 idem
817 539 978 579 floribus
1008 546 1067 578 est
1096 539 1224 577 honor

379 605 523 644 Vernis
552 617 683 655 neque
711 616 793 642 uno
824 605 939 641 Luna
968 601 1114 640 rubens
1144 602 1243 640 nitet

433 667 570 705 Vultu.
628 666 738 713 Quid
766 666 935 704 aeternis
964 665 1159 703 minorem

488 722 675 769 Consiliis
703 729 881 767 animum
911 727 1079 777 fatigas?

379 793 462 832 Cur
490 805 572 831 non
602 790 676 830 sub
706 791 784 829 alta
811 790 874 829 vel
903 790 1063 840 platano
1091 788 1153 827 vel
1182 788 1258 826 hac

381 856 482 893 Pinu
512 855 686 893 iacentes
716 854 772 892 sic
801 859 950 891 temere
979 858 1018 890 et
1046 863 1135 890 rosa

434 918 569 957 Canos
597 917 751 956 odorati
780 915 954 965 capillos,

490 981 598 1018 Dum
628 980 730 1025 licet,
761 978 1002 1028 Assyriaque
1031 976 1156 1015 nardo

381 1045 570 1082 Potamus
600 1042 738 1080 uncti?
778 1041 954 1090 Dissipat
985 1039 1111 1078 Euius

380 1106 506 1145 Curas
535 1106 689 1144 edaces.
749 1104 850 1152 Quis
880 1115 977 1152 puer
1004 1102 1115 1140 ocius

435 1169 670 1218 Restinguet
699 1167 874 1205 ardentis
906 1165 1060 1203 Falerni

490 1231 637 1269 Pocula
667 1235 939 1280 praetereunte
968 1227 1158 1277 lympha?

381 1293 482 1342 Quis
511 1293 670 1332 devium
701 1298 875 1330 scortum
905 1290 1034 1329 eliciet
1062 1290 1186 1328 domo

381 1356 550 1406 Lyden?
585 1355 760 1402 Eburna,
791 1354 856 1392 dic
884 1366 966 1404 age,
998 1365 1090 1391 curn
1119 1353 1200 1401 lyra

435 1419 609 1456 Maturet
638 1418 679 1455 in
707 1423 913 1466 comptum
943 1417 1150 1454 Lacaenae

490 1482 606 1520 More
635 1492 770 1519 comas
799 1479 960 1530 religata
988 1478 1151 1517 nodum.

643 1725 912 1766 CARMEN
950 1724 1059 1763 XII.

657 1827 712 1852 AD
743 1824 1047 1853 MAECENATEM.

383 1915 515 1954 N0L1s
544 1915 662 1964 longa
691 1913 796 1952 ferae
825 1912 928 1950 bella
958 1911 1201 1950 Numantiae

383 1977 469 2016 Nee
498 1977 627 2015 dirum
659 1974 930 2014 Hannibalem
961 1986 1036 2012 nec
1065 1974 1241 2012 Siculum
1271 1983 1378 2010 mare

383 2041 519 2078 Poeno
549 2051 789 2089 purpureum
820 2037 1012 2087 sanguine
1037 2035 1224 2074 mollibus

490 2102 626 2152 Aptari
656 2102 828 2139 citharae
859 2099 1000 2147 modis,

383 2165 470 2203 Nec
499 2177 637 2203 saevos
668 2164 856 2214 Lapithas
885 2170 924 2201 et
954 2161 1121 2199 nimium
1151 2172 1260 2198 mero

387 2228 586 2278 Hylaeum
616 2227 871 2276 domitosque
902 2224 1102 2263 Herculea
1131 2234 1251 2261 manu

383 2291 550 2329 Telluris
579 2291 752 2337 iuvenes,
784 2289 892 2327 unde
921 2287 1139 2338 periculum

494 2353 666 2403 Fulgens
695 2351 933 2390 contremuit
963 2350 1106 2388 domus

1445 615 1486 637 10

1446 926 1483 960 15

1443 1240 1485 1262 20
