1592 2592
591 198 719 229 BOOK
754 197 803 229 11.
842 200 991 240 11-13.

334 305 489 344 Saturni
517 305 682 353 veteris3
718 310 843 354 tuque
870 300 1121 354 pedestribus

334 367 455 406 Dices
483 366 653 406 historiis
681 366 829 416 proelia
857 365 1049 411 Caesaris,

335 430 559 476 Maecenas,
590 429 740 467 melius'
759 429 960 477 ductaque
987 438 1058 477 per
1085 426 1167 465 vias

440 492 598 542 Regum
625 491 728 530 colla
754 490 981 529 minacium.

336 555 406 593 Me
433 554 570 592 dulces
598 554 785 593 dominae
814 553 933 591 Musa
963 551 1193 601 Licymniae

333 617 495 663 Cantus,
526 627 591 654 rne
618 615 743 654 voluit
771 615 903 654 dicere
930 614 1107 652 lucidum

333 679 543 728 Fulgentes
571 678 708 716 oculos
737 684 777 716 et
805 676 909 715 bene
935 676 1085 714 mutuis

440 741 584 779 Fidum
612 747 751 790 pectus
778 739 1005 787 amoribus;

333 804 466 852 Quam
494 815 569 841 nec
596 803 696 841 ferre
723 802 868 852 pedem
897 801 1084 840 dedecuit
1112 799 1244 838 choris

335 865 421 904 Nec
449 872 597 903 certare
625 865 714 903 ioco
743 876 818 903 nec
845 864 940 902 dare
970 863 1131 902 brachia

333 927 556 966 Ludentem
585 927 719 966 nitidis
746 925 963 977 virginibus
990 937 1102 964 sacro

441 990 595 1028 Dianae
622 989 787 1028 celebris
815 989 892 1028 die.

333 1052 443 1091 Num
470 1058 524 1099 tu,
555 1064 658 1102 quae
685 1051 812 1090 tenuit
840 1051 951 1090 dives
978 1050 1267 1097 Achaemenes,

331 1114 414 1152 Aut
442 1114 597 1164 pinguis
627 1114 818 1164 Phrygiae
846 1113 1085 1163 Mygdonias
1112 1124 1210 1162 opes

331 1175 559 1215 Permutare
586 1176 682 1215 velis
710 1176 820 1214 crine
848 1175 1088 1225 Licymniae,

442 1239 583 1278 Plenas
611 1245 679 1277 aut
706 1237 885 1276 Arabum
913 1237 1056 1276 domos
1066 1238 1140 1276 Ρ-

333 1301 444 1339 Dum
471 1301 674 1351 flagrantia
699 1301 909 1351 detorquet
936 1300 989 1338 ad
1017 1300 1154 1339 oscula

330 1363 535 1403 Cervicem
564 1371 633 1401 aut
660 1363 764 1401 sacili
793 1363 953 1402 saevitia
980 1369 1107 1412 negat,

331 1425 447 1473 Quae
474 1431 665 1474 poscente
692 1425 815 1474 magis
843 1424 1012 1474 gaudeat
1040 1423 1148 1474 eripi,

440 1486 648 1525 Interdum
674 1498 810 1536 rapere
838 1493 1018 1536 occupet.

597 1666 839 1706 CARMEN
877 1667 998 1704 XIII.

233 1787 279 1814 IN
306 1787 522 1823 ARBOREM,
551 1788 678 1815 CUIUS
705 1788 811 1816 CASU
840 1788 886 1815 IN
915 1788 1029 1816 AGRo
1057 1787 1208 1816 SABINO
1238 1787 1376 1815 PAENE

625 1850 856 1881 OPPRESSUS
885 1851 969 1878 EST.

332 1926 433 1964 ILLE
459 1932 499 1965 et
526 1927 680 1965 nefasto
708 1934 747 1965 te
775 1927 908 1977 posuit
935 1927 1012 1975 die,

331 1987 572 2038 Quicunque
597 1989 780 2038 primum,
810 1996 850 2027 et
878 1989 1065 2039 sacrilega
1093 2001 1214 2027 manu

385 2049 584 2097 Produxit,
613 2050 741 2098 arbos,
772 2051 814 2088 in
842 2058 1034 2100 nepotum

437 2111 656 2150 Pemiciem
683 2112 1020 2164 opprobriumque
1048 2114 1163 2163 pagi3

330 2172 449 2210 Illum
476 2179 517 2212 et
544 2175 716 2223 parentis
743 2175 977 2214 crediderim
1006 2176 1066 2214 sui

330 2234 508 2284 Fregisse
535 2237 728 2275 cervicem
757 2244 797 2276 et
823 2238 1038 2287 penetralia

382 2297 577 2345 Sparsisse
604 2306 799 2338 nocturno
827 2312 964 2338 cruore

438 2359 644 2408 Hospitis3
681 2361 745 2399 ille
772 2374 926 2400 venena
954 2362 1106 2401 Colcha

1383 203 1433 241 37

1393 378 1434 399 10

1394 690 1433 722 15

1392 1002 1435 1024 20

1391 1315 1431 1347 ²5
