1592 2592
157 161 210 212 38

491 172 588 202 THE
625 172 746 202 ODES
781 172 841 202 OF
879 172 1086 203 HORACE.

266 272 385 310 Nunc
414 278 455 311 et
483 272 641 311 latentis
670 273 846 322 proditor
874 272 1016 311 intimo

265 335 411 373 Gratus
440 335 595 384 puellae
624 335 722 373 risus
749 334 802 373 ab
830 335 987 385 angulo,

321 397 547 447 Pignusque
576 397 784 446 dereptum
813 397 966 435 lacertis

371 460 454 498 Aut
481 459 606 509 digito
634 459 738 498 male
766 458 969 509 pertinaci.

628 661 871 701 CARMEN
901 664 951 700 X.

606 770 663 795 AD
693 769 968 796 MERCURIUM.

319 855 542 902 MERcmu,
573 854 745 892 facunde
774 866 898 903 nepos
928 854 1110 901 Atlantis,

318 917 399 965 Qui
428 916 532 955 feros
561 917 690 954 cultus
720 916 928 954 hominum
957 922 1162 954 recentum

315 979 428 1017 Voce
457 979 631 1017 formasti
661 985 772 1016 catus
801 984 841 1016 et
869 978 1039 1017 decorae

426 1042 542 1079 More
571 1041 797 1090 palaestrae,

314 1105 375 1141 Te
403 1115 556 1151 canam,
587 1103 718 1152 magni
749 1102 856 1141 Iovis
884 1108 923 1141 et
951 1102 1117 1140 deorum

317 1165 513 1204 Nuntium
540 1177 763 1215 curvaeque
792 1165 896 1214 lyrae
924 1171 1139 1214 parentem,

315 1228 527 1275 Callidum,
557 1227 753 1277 quidquid
781 1227 939 1276 placuit,
971 1226 1107 1264 iocoso

424 1289 609 1329 Condere
637 1290 752 1327 furto.

315 1353 389 1400 Te,
416 1351 540 1391 boves
568 1352 663 1390 olim
693 1351 767 1389 nisi
796 1349 1037 1389 reddidisses

316 1416 390 1453 Per
418 1415 556 1453 dolum
585 1421 749 1461 amotas,
780 1425 945 1463 puerum
975 1410 1120 1449 minaci

314 1478 427 1516 Voce
455 1477 553 1515 dum
582 1483 708 1524 terret,
739 1475 882 1515 viduus
909 1475 1090 1525 pharetra

423 1539 527 1578 Risit
555 1539 712 1589 Apollo.

317 1602 427 1651 Quin
456 1608 495 1640 et
523 1601 683 1640 Atridas
712 1600 815 1639 duce
843 1606 883 1638 te
912 1598 1105 1648 superbos

317 1664 392 1702 Ilio
421 1664 531 1702 dives
562 1663 740 1701 Priamus
770 1661 908 1701 relicto

315 1726 607 1775 Thessalosque
636 1725 747 1774 ignes
775 1730 815 1762 et
843 1723 978 1773 iniqua
1005 1722 1150 1761 Troiae

425 1787 563 1827 Castra
590 1786 737 1825 fefellit.

316 1850 379 1887 Tu
409 1849 493 1898 pias
522 1849 634 1887 laetis
662 1848 815 1885 animas
843 1846 1002 1896 reponis

314 1910 485 1950 Sedibus
514 1911 699 1960 virgaque
727 1909 855 1947 levem
883 1919 1042 1946 coerces

315 1974 446 2011 Aurea
474 1972 641 2019 turbam,
673 1970 823 2021 superis
853 1970 1019 2009 deorum

425 2035 568 2074 Gratus
597 2040 636 2071 et
664 2032 763 2072 imis.

1382 1424 1424 1447 10

1381 1736 1419 1769 15

1379 2046 1421 2068 20
