1592 2592
595 203 723 233 BOOK
760 203 804 233 11.
843 197 991 246 14-16.

326 308 433 346 Tum
462 307 587 358 spissa
615 308 732 347 ramis
761 309 893 347 laurea
921 309 1092 349 fervidos

329 369 524 408 Excludet
553 370 663 409 ictus.
722 371 816 409 Non
846 371 900 409 ita
929 372 1092 410 Romuli

372 431 667 482 Praescriptum
696 439 735 471 et
764 433 910 472 intonsi
939 434 1104 474 Catonis

436 494 635 544 Auspiciis
664 502 921 546 veterumque
950 509 1100 536 norma.

327 555 504 595 Privatus
533 557 607 596 illis
635 569 779 596 census
807 565 889 597 erat
919 558 1058 606 brevis,

326 617 554 658 Commune
581 632 795 670 magnum:
834 621 941 659 nulla
969 621 1227 672 decempedis

381 681 533 720 Metata
560 682 719 732 privatis
748 695 915 733 opacam

435 744 613 782 Porticus
641 744 861 795 excipiebat
890 747 1066 794 Arcton3

327 803 414 843 Nec
428 805 645 844 ‚fortuitum
675 819 859 857 spernere
887 809 1101 858 caespitem

327 866 453 916 Leges
481 867 675 916 sinebant,
706 869 854 919 oppida
881 870 1043 920 publico

379 929 548 979 Sumptu
578 929 760 970 iubentes
788 939 828 970 et
859 933 1036 970 Deorum

432 991 601 1042 Templa
629 1005 734 1032 novo
762 993 949 1033 decorare
975 1007 1084 1035 saxo.

597 1215 840 1254 CARMEN
879 1216 993 1254 XVI.

502 1335 558 1362 AD
587 1335 810 1364 POMPEIUM
840 1337 1086 1365 GROSPHUM.

269 1421 418 1475 Qtuqa
450 1423 574 1461 Divos
601 1430 712 1473 rogat
740 1425 781 1462 in
809 1425 959 1474 patenti

269 1483 440 1522 Prensus
468 1485 639 1534 Aegaeo,
670 1485 787 1523 simul
815 1493 898 1524 atra
926 1486 1054 1525 nubes

269 1544 462 1584 Condidit
492 1547 645 1584 Lunam
675 1559 806 1597 neque
834 1554 940 1586 certa
967 1548 1120 1598 fulgent

376 1607 512 1645 Sidera
540 1608 693 1656 nautis;

270 1667 408 1714 Otium
437 1668 542 1708 bello
571 1670 716 1709 furiosa
743 1671 910 1719 Thrace,

269 1730 406 1783 Otium
437 1731 550 1770 Medi
578 1732 759 1782 pharetra
786 1734 932 1781 decori,

268 1793 462 1843 Grosphe,
494 1806 574 1832 non
602 1796 770 1845 gemmis
799 1808 931 1846 neque
958 1808 1130 1846 purpura
1159 1809 1220 1836 ve-

377 1856 465 1894 nale
497 1868 628 1907 neque
656 1869 763 1896 auro.

268 1916 363 1955 Non
391 1918 498 1956 enim
526 1931 644 1968 gazae
673 1932 803 1970 neque
831 1921 1049 1959 consularis

266 1978 498 2019 Summovet
526 1981 639 2020 lictor
666 1982 830 2020 miseros
859 1983 1050 2021 tumultus

269 2041 419 2079 Mentis
446 2048 486 2080 et
513 2054 626 2081 curas
654 2044 835 2094 laqueata
862 2044 1013 2083 circum

373 2103 498 2142 Tecta
524 2105 712 2144 volantes.

265 2163 420 2203 Vivitur
445 2177 565 2215 parvo
594 2166 707 2215 bene,
739 2167 803 2206 cui
830 2175 1037 2218 paternum

267 2226 456 2275 Splendet
484 2227 524 2265 in
553 2240 690 2268 mensa
718 2230 828 2268 tenui
856 2231 1035 2278 salinum,

268 2288 354 2326 Nec
381 2288 486 2328 leves
514 2302 677 2329 somnos
705 2291 822 2330 timor
850 2299 916 2330 aut
943 2293 1092 2342 cupido

373 2350 565 2390 Sordidus
591 2353 728 2391 aufert.

1386 215 1434 251 41

1389 389 1430 412 10

1392 701 1427 734 ¹5

1388 1014 1429 1036 20

1380 2001 1419 2023 10
