1592 2592
597 173 726 213 8001(
760 173 810 203 u.
831 164 883 213 6,
920 174 958 214 7.
987 211 992 214 ,

598 327 840 369 CARMEN
869 327 966 364 VII.

529 451 585 478 AD
614 431 837 477 Pomm-:mu
866 447 1028 474 vARUM.

315 541 354 580 O
382 550 512 578 SAEPE
540 535 697 577 mecu'm
726 544 884 586 tempus
912 535 953 573 in
984 534 1168 572 ultimum

319 602 502 642 Deducte
530 601 654 639 Bruto
682 599 844 637 militiae
872 598 987 643 duce,

372 664 474 713 Quis
501 670 541 702 te
569 662 774 701 redonavit
803 661 1000 710 Quiritem

428 726 501 764 Dis
529 725 665 776 patriis
697 725 880 773 Italoque
907 722 1030 767 caelo,

321 788 486 838 Pompei
515 799 694 826 meorum
715 786 840 836 prime
869 784 1094 823 sodalium?

319 851 424 891 Cum
453 862 534 900 quo
562 856 783 888 morantem
812 860 930 897 saepe
957 847 1064 885 diem
1094 857 1204 883 mero

376 913 488 962 Fregi
516 919 727 950 coronatus
757 911 927 948 nitentes

431 973 685 1012 Malobathro
713 973 823 1023 Syrio
851 972 1026 1021 capillos.

323 1039 476 1076 Tecum
506 1036 712 1085 Philippos
740 1043 778 1073 et
807 1035 976 1073 celerem
1005 1033 1137 1082 fugam

322 1100 435 1139 Sensi
463 1099 599 1138 relicta
627 1110 708 1136 non
735 1096 841 1135 bene
869 1096 1057 1146 parmula,

379 1162 483 1201 Cum
513 1162 634 1199 fracta
662 1161 782 1198 virtus
810 1166 849 1197 et
876 1158 1052 1196 minaces

430 1224 565 1273 Turpe
593 1223 722 1261 solum
750 1222 912 1271 tetigere
939 1227 1087 1258 mento.

325 1286 405 1325 Sed
433 1298 498 1324 me
525 1297 595 1335 per
623 1285 757 1323 hostes
789 1282 1008 1322 Mercurius
1037 1281 1141 1320 celer

327 1350 466 1387 Denso
495 1354 703 1398 paventem
734 1346 890 1384 sustulit
917 1347 1030 1391 aere3

379 1410 439 1448 Te
467 1422 598 1448 rursus
627 1410 667 1447 in
696 1408 846 1447 bellum
875 1407 1082 1446 resorbens

339 1523 342 1528 Δ
434 1472 557 1511 Unda
584 1471 692 1523 fretis
720 1471 808 1508 tulit
835 1469 1037 1508 aestuosis.

330 1534 435 1583 Ergo
462 1533 674 1583 obligatam
704 1523 827 1570 redde
854 1530 940 1569 Iovi
970 1526 1114 1579 dapem

330 1597 546 1646 Longaque
569 1596 715 1633 sessum
745 1594 884 1631 militia
910 1593 1012 1630 latus

386 1659 555 1706 Depone
583 1656 796 1695 sub'laur'u
824 1662 914 1693 mea
942 1665 1017 1692 nec
1080 1665 1083 1669 ·

437 1719 558 1756 Parce
585 1718 695 1756 cadis
718 1717 790 1756 tibi
819 1716 1035 1755 destinatis.

329 1781 536 1821 Oblivioso
564 1780 667 1819 levia
695 1780 870 1819 Massico

329 1843 490 1882 Ciboria
517 1843 641 1892 exple,
670 1842 794 1881 funde
821 1841 1033 1891 capacibus

383 1906 599 1955 Unguenta
626 1905 677 1944 de'
704 1905 881 1943 conchis.
939 1904 1040 1952 Quis
1068 1902 1151 1940 udo

437 1969 709 2017 Deproperare
735 1967 828 2016 apio
855 1973 1022 2004 coronas

331 2029 500 2068 Curatve
528 2030 685 2080 myrto?
721 2041 841 2079 quem
863 2030 1008 2066 'Venus
1036 2025 1225 2064 arbitmm

334 2091 452 2129 Dicet
478 2090 673 2129 bibendi?
711 2091 805 2128 Non
834 2102 908 2139 ego
937 2089 1070 2127 sanius

387 2152 618 2190 Bacchabor
647 2152 824 2190 Edonis:
860 2158 1022 2200 recepto

441 2214 575 2254 Dulce·
597 2214 694 2253 mihi
723 2215 848 2254 furere
876 2221 935 2252 est
963 2213 1106 2258 amico.

1375 171 1423 208 31

1381 1107 1423 1129 10

1388 1730 1430 1751 20

1390 2040 1430 2072 ²5
