1592 2592
561 135 689 166 BOOK
725 136 753 166 1.
779 139 933 166 20—22.
1326 137 1376 177 51

276 235 368 274 Sive
394 247 465 285 per
492 235 623 285 Syrtes
651 235 724 273 iter
749 242 951 273 aestuosas
1361 250 1379 281 5

279 298 370 336 Sive
397 298 569 336 facturus
597 309 667 346 per
695 297 971 346 inhospitalem

275 359 499 400 cauoesum
528 360 590 398 vel
617 372 720 409 quae
742 360 829 398 loca
856 357 1059 397 fabulosus

385 421 543 460 Lambit
573 422 796 471 Hydaspes.

278 483 462 533 Namque
490 496 555 522 me
582 484 678 522 silva
706 484 822 533 lupus
850 483 890 520 in
919 482 1076 530 Sabina,

276 546 384 583 Dum
413 557 542 584 meam
569 552 689 584 oento
718 546 889 594 Lalagen
919 551 958 581 et
987 545 1086 582 ultra
1340 559 1381 582 ιο

274 607 507 645 Terminum
534 608 638 645 curis
666 619 785 657 vagor
813 606 1016 656 expeditis,

384 669 499 719 Fugit
528 669 730 716 inermem,

275 731 405 779 Quale
432 738 658 780 portentum
687 743 819 781 neque
846 731 1023 769 militaris

277 793 453 831 Daunias
481 793 567 831 latis
596 794 665 831 alit
691 794 911 839 aesculetis,

275 854 363 893 Nec
392 854 516 893 Iubae
543 855 659 893 tellus
685 862 857 905 generat,
888 855 1049 893 leonum
1338 870 1377 902 ¹5

382 916 504 955 Arida
532 918 673 956 nutrix.

275 979 385 1017 Pone
412 990 477 1016 me
505 979 623 1028 pigris
651 979 719 1017 ubi
748 979 856 1017 nulla
883 979 1034 1028 campis

274 1039 404 1078 Arbor
429 1041 576 1079 aestiva
603 1048 798 1079 recreatur
824 1053 928 1087 aura,

273 1102 396 1150 Quod
422 1103 524 1140 latus
551 1103 692 1141 mundi
720 1103 889 1142 nebulae
917 1103 1124 1152 malusque

382 1164 559 1214 Iuppiter
586 1173 696 1216 urget
708 1179 720 1214 ;
1335 1181 1377 1203 20

274 1227 384 1264 Pone
411 1226 486 1265 sub
512 1239 628 1265 curru
654 1228 821 1266 nimium
849 1226 1061 1278 propinqui

274 1288 376 1326 Solis
405 1289 445 1326 in
473 1295 573 1327 terra
601 1289 789 1328 domibus
818 1298 981 1338 negata:

273 1350 401 1388 Dulce
430 1351 623 1390 ridentem
655 1353 826 1402 Lalagen
854 1349 1010 1397 amabo,

382 1413 510 1452 Dulce
537 1413 780 1463 loquentem.

160 2269 345 2292 nummatus
354 2276 449 2300 quant
460 2269 530 2295 bene
547 2271 726 2302 cafiillatus:
752 2272 795 2298 i.e
814 2281 832 2298 a
846 2273 937 2306 youth
949 2275 1019 2301 with
1032 2275 1102 2309 long
1114 2274 1185 2306 hair,
1196 2274 1254 2301 and
1267 2283 1286 2300 a
1301 2274 1365 2308 long

159 2306 252 2332 purse.
290 2298 335 2323 He.
347 2299 406 2326 had
418 2299 490 2327 been
502 2308 568 2329 sent
580 2308 613 2329 to
626 2304 721 2330 Rome
731 2309 764 2331 to
776 2304 857 2331 bribe
869 2305 917 2333 the
931 2314 1040 2334 senate.
