1592 2592
218 166 270 203 30

565 162 661 192 THE
697 162 818 194 ODES
853 163 915 193 OF
950 163 1158 195 HORACE.

669 329 937 369 CARMEN
969 329 1048 368 VI.

687 460 743 487 AD
773 459 1021 488 SEPTIMIUM.

385 549 574 597 SEPT1M1,
606 550 740 588 Gades
768 549 922 588 aditure
951 561 1109 587 mecum
1139 556 1178 588 et

385 611 631 651 Cantabrum
660 612 866 650 indoctum
897 612 986 662 iuga
1014 612 1113 650 ferre
1142 619 1275 651 nostra
1302 619 1342 652 et

385 674 576 713 Barbaras
607 675 748 724 Syrtes,
782 674 850 712 ubi
881 675 1022 712 Maura
1051 687 1207 724 semper

495 788 498 791 η
524 728 706 776 ιΑεξεῐυειῑ
736 737 867 784 unda3

383 798 508 838 Tibur
537 801 668 850 Argeo
697 799 871 849 positum
900 800 1046 838 colono
1294 841 1297 843 ,
1469 815 1488 847 5

384 861 441 899 Sit
469 874 582 900 meae
611 862 725 900 sedes
756 862 908 900 utinam
937 868 1132 910 senectae,
1293 871 1318 874 ”

382 925 440 963 Sit
469 925 613 963 modus
643 925 747 963 lasso
776 924 894 963 maris
924 931 962 963 et
991 925 1141 963 viarum

516 1037 521 1041 „
546 988 817 1038 Militiaeque!
1132 1029 1135 1031 ,
1159 996 1162 998 ’

382 1051 508 1090 Unde
534 1051 565 1089 si
597 1052 743 1090 Parcae
771 1050 983 1100 prohibent
1013 1051 1195 1101 iniquae,'

382 1114 511 1151 Dulce
540 1114 684 1163 pellitis
713 1112 853 1152 ovibus
884 1113 1042 1151 Galaesi
1450 1130 1489 1152 ιο

381 1176 550 1214 Flumen
580 1183 618 1214 et
647 1183 806 1224 regnata
835 1182 967 1225 petam
999 1176 1148 1213 Laconi

545 1240 654 1277 Rura
685 1239 888 1276 Phalanto.

384 1301 456 1340 Ille
485 1307 673 1339 terrarum
702 1301 799 1338 mihi
829 1307 982 1350 praeter
1010 1312 1149 1339 omnes

379 1365 560 1414 Angulus
590 1365 701 1410 ridet,
732 1363 802 1401 ubi
831 1376 913 1401 non
945 1364 1139 1413 Hymetto

382 1427 504 1465 Mella
533 1427 734 1464 decedunt
763 1426 957 1475 viridique
986 1431 1109 1464 certat
1447 1442 1484 1474 ¹5

544 1490 650 1527 Baca
678 1489 864 1526 Venafro.

377 1554 458 1590 Ver
486 1551 554 1590 ubi
584 1552 746 1601 longum
777 1551 1011 1600 tepidasque
1041 1549 1202 1599 praebet

378 1615 556 1664 Iuppiter
585 1614 755 1660 brumas,
785 1620 823 1652 et
852 1613 1003 1651 amicus
1033 1613 1165 1650 Aulon

378 1678 510 1715 Fertili
540 1677 701 1715 Baccho
731 1676 941 1714 minimum
973 1675 1147 1713 Falernis

539 1739 698 1777 Invidet
726 1738 823 1776 uvis.
1441 1753 1483 1775 20

378 1802 450 1840 Ille
478 1808 517 1840 te
546 1814 704 1840 mecum
733 1802 843 1838 locus
873 1807 911 1838 et
941 1799 1079 1838 beatae

377 1864 583 1902 Postulant
611 1875 745 1910 arces;
783 1861 838 1900 ibi
868 1869 910 1900 tu
940 1863 1136 1900 calentem

376 1926 522 1965 Debita
552 1938 709 1975 sparges
739 1925 899 1962 lacrima
927 1924 1099 1963 favillam

535 1987 647 2026 Vatis
675 1987 803 2026 amici.
