1592 2592
565 181 693 212 BOOK
729 181 757 211 1.
784 173 846 220 16,
875 184 934 223 17.

282 285 369 322 Irae
397 283 600 333 Thyesten
627 282 747 321 exitio
773 281 879 331 gravi

281 346 458 384 Stravere
485 351 525 384 et
552 345 640 382 altis
669 342 833 382 urbibus
861 343 1023 380 ultimae

335 408 486 446 Stetere
513 417 665 453 causae,
696 417 766 443 cur
792 405 962 455 perirent

390 468 584 517 Funditus
612 467 932 517 imprimeretque
959 465 1081 503 muris

284 530 444 568 Hostile
469 536 639 568 aratrum
669 529 860 567 exercitus
888 528 1072 566 insolens.

281 591 504 641 Compesce
531 597 734 638 mentem;
762 602 827 628 me
855 601 1016 639 quoque
1044 588 1214 638 pectoris

334 653 520 692 Tentavit
549 653 589 690 in
617 652 724 691 dulci
753 652 911 690 iuventa

391 716 535 754 Fervor
561 722 601 753 et
628 715 669 752 in
697 714 844 753 celeres
872 713 1025 751 iambos

285 778 396 816 Misit
424 778 630 815 furentem.
688 777 807 815 Nunc
834 788 908 825 ego
936 773 1098 812 mitibus

284 839 441 877 Mutare
467 851 614 888 quaero
641 838 775 885 tristia,
804 837 901 876 dum
929 837 1026 874 mihi

337 900 427 938 Fias
455 900 662 938 recantatis
690 900 818 937 amica

391 960 624 1012 Opprobriis
651 961 910 1010 animumque
934 960 1088 998 reddas.

545 1199 789 1239 CARMEN
816 1199 951 1237 XVII.

556 1306 614 1333 AD
641 1306 939 1333 TYNDARIDEM.

282 1391 434 1429 VELox
460 1403 673 1429 amoenum
703 1403 821 1440 saepe
851 1391 1086 1428 Lucretilem

285 1453 417 1490 Mutat
446 1454 601 1502 Lycaeo
630 1453 800 1498 Faunus,
832 1459 871 1490 et
891 1453 1044 1501 igneam

336 1514 525 1552 Defendit
553 1521 740 1552 aestatem
770 1514 929 1562 capellis

389 1576 530 1624 Usque
558 1576 656 1613 meis
684 1576 918 1624 pluviosque
945 1581 1096 1613 ventos.

284 1637 454 1685 Impune
481 1643 608 1675 tutum
638 1649 708 1686 per
735 1649 876 1675 nemus
903 1636 1064 1675 arbutos

285 1697 490 1746 Quaerunt
519 1698 684 1736 latentes
712 1706 751 1737 et
779 1699 913 1748 thyma
941 1698 1080 1736 deviae

337 1759 491 1798 Olentis
519 1772 659 1799 uxores
688 1761 825 1807 mariti,

391 1821 478 1859 Nec
504 1822 646 1860 virides
674 1829 856 1860 metuunt
882 1821 1075 1868 colubras,

283 1883 369 1921 Nec
398 1883 598 1922 Martiales
627 1884 836 1922 Haediliae
863 1884 988 1933 lupos,

282 1945 500 1994 Utcunque
528 1945 646 1992 dulci,
676 1946 866 1995 Tyndari,
894 1946 1022 1984 fistula

337 2006 471 2044 Valles
499 2013 538 2044 et
567 2007 731 2046 Usticae
759 2006 941 2045 cubantis

391 2068 510 2105 Levia
538 2079 777 2116 personuere
804 2081 904 2106 saxa.

284 2128 336 2166 Di
364 2140 429 2166 me
456 2135 625 2176 tuentur,
655 2130 716 2167 dis
745 2130 868 2179 pietas
896 2142 984 2168 mea

284 2189 335 2227 Et
365 2190 482 2227 Musa
509 2190 617 2228 cordi
647 2198 716 2228 est.
775 2191 855 2228 Hic
883 2191 954 2229 tibi
983 2193 1097 2241 copia
1166 2214 1169 2217 -

340 2251 521 2289 Manabit
549 2252 600 2289 ad
629 2253 789 2301 plenum
821 2252 992 2302 benigno

391 2313 509 2353 Ruris
537 2313 732 2353 honorum
762 2315 950 2366 opulenta
977 2327 1111 2355 cornu,

1327 181 1379 221 47

1341 480 1382 502 20

1342 789 1380 820 25

1342 1962 1382 1984 10

1338 2269 1376 2301 15
