1592 2592
145 161 198 199 42
484 156 582 187 THE
617 157 738 187 ODES
774 156 835 186 OF
869 156 1076 188 HORACE.

253 258 360 295 Tum
389 268 464 295 nec
493 269 606 294 mens
635 257 732 294 mihi
762 268 837 295 nec
865 256 974 294 color
1393 272 1412 304 5

309 319 427 358 Certa
455 319 551 357 sede
579 326 753 366 manent,
784 331 899 356 umor
926 324 966 356 et
994 318 1035 355 in
1063 330 1186 368 genas

255 381 405 419 Furtim
434 379 578 419 labitur
603 392 770 430 arguens

311 444 444 492 Quam
473 443 589 481 lentis
618 442 774 492 penitus
802 454 976 481 macerer
1004 441 1172 492 ignibus.

256 506 372 553 Uror,
402 517 473 543 seu
501 504 573 543 tibi
601 504 794 543 candidos

308 569 534 617 Turparunt
563 579 720 605 umeros
748 567 987 605 immodicae
1015 579 1125 605 mero
1375 581 1415 604 10

256 630 391 676 Rixae,
422 629 504 668 sive
533 641 630 679 puer
656 629 789 667 furens

311 691 514 741 Impressit
542 703 760 729 memorem
788 691 909 729 dente
937 690 1055 728 labris
1084 696 1231 728 notam.

257 755 362 802 Non,
392 754 424 792 si
453 766 518 792 me
545 753 638 792 satis
665 753 815 800 audias,

309 817 450 866 Speres
477 822 711 865 perpetuum
741 815 873 854 dulcia
900 814 1065 853 barbare

258 878 502 916 Laedentem
531 877 678 923 oscula,
707 889 810 927 quae
837 877 976 915 Venus
1373 890 1411 923 15

311 941 463 989 Quinta
490 947 599 990 parte
627 940 687 978 sui
717 939 883 977 nectaris
913 939 1068 977 imbuit.

258 1002 409 1040 Felices
437 1008 496 1040 ter
524 1009 563 1040 et
591 1002 771 1051 amplius,

311 1064 425 1112 Quos
454 1063 600 1113 irrupta
628 1070 736 1101 tenet
764 1063 917 1113 copula,
950 1074 1024 1100 nec
1044 1061 1157 1099 malis

258 1126 445 1164 Divolsus
473 1125 730 1174 querimoniis

310 1188 502 1236 Suprema
529 1187 646 1225 citius
674 1187 799 1225 solvet
826 1198 938 1224 amor
964 1185 1040 1224 die.
1373 1200 1414 1222 20

148 1928 175 1955 A
188 1935 288 1962 young
306 1925 377 1961 lady
389 1926 519 1959 wearing
540 1932 559 1951 a
578 1923 657 1959 pearl
677 1921 824 1949 necklace.
861 1918 962 1959 Pear1รท
985 1925 1060 1956 werp
1079 1916 1128 1943 the
1147 1925 1161 1956 q
1216 1915 1254 1942 iai
1274 1914 1362 1954 maqk
1383 1913 1418 1941 of

198 1960 303 1993 Venus,
318 1959 407 1986 hence
417 1959 474 1985 this
485 1958 553 1991 lady
566 1956 708 1992 probably
721 1955 842 1989 belongs
854 1958 886 1980 to
893 1953 942 1979 the
950 1951 1081 1987 imperial
1092 1951 1163 1977 sami
1175 1958 1201 1985 y,
1212 1949 1277 1976 who
1285 1947 1414 1975 elmmed

199 1993 318 2021 deseent
330 1994 405 2020 from
416 1991 542 2024 Aeneas,
556 1999 609 2018 son
622 1991 654 2017 os
662 1990 767 2018 Venus.
