1592 2592
575 154 703 185 Boot<
739 153 767 184 1.
792 156 846 196 23
880 156 950 195 27.

292 253 417 304 Quod
444 254 476 292 si
504 253 691 293 Threicio
717 251 903 292 blandius
931 252 1096 302 Orpheo

292 315 482 354 Auditam
510 315 716 354 moderere
742 313 949 366 arboribus
978 314 1111 360 fidem,

294 377 388 416 Non
415 389 540 416 vanae
566 376 701 416 redaet
728 376 887 427 sanguis
915 375 1087 426 imagini,

347 439 479 488 Quam
509 439 613 489 virga
641 439 763 478 semel
791 438 963 486 horrida,

294 501 395 539 Non'
417 501 515 539 lenis
542 500 726 550 precibus
753 501 832 539 fata
860 500 1074 547 recludere,

294 563 417 613 Nigro
443 563 678 612 compulerit
706 562 927 601 Mercurius
953 562 1072 612 gregi.

294 626 472 664 Durum:
501 625 573 663 sed
600 625 725 663 levius
753 625 798 663 fit
823 624 1023 674 patientia,

346 686 556 737 Quidquid
582 687 775 737 corrigere
802 694 863 726 est
891 687 1012 726 nefas.

547 865 789 905 CARMEN
818 866 969 904 XXVI.

438 971 495 998 AD
524 970 672 998 MUSAM
702 971 760 998 DE
785 971 913 999 AELlo
941 971 1085 999 LAmA.

295 1055 434 1093 Musrs
461 1055 612 1094 amicus
639 1055 833 1094 tristitiam
862 1062 902 1095 et
928 1062 1060 1094 metus

292 1117 466 1155 Tradam
494 1118 683 1166 protervis
711 1117 752 1155 in
781 1130 889 1156 mare
917 1118 1118 1157 Creticum

348 1179 507 1216 Portare
533 1179 671 1226 ventis,
701 1179 813 1229 queis
841 1179 917 1218 sub
944 1180 1068 1218 Arcto

402 1240 489 1277 Rex
517 1240 671 1290 gelidae
698 1247 895 1279 metuatur
922 1253 1025 1288 orae,

294 1302 406 1350 Quid
433 1302 638 1341 Tiridaten
667 1309 818 1350 terrfflt,
848 1303 965 1342 unice

294 1363 473 1402 Securus.
531 1364 579 1411 Ο,
610 1377 712 1414 quae
739 1364 916 1403 fontibus
944 1365 1104 1415 integris

347 1425 519 1472 Gaudes,
550 1426 703 1475 apricos
732 1432 847 1464 necte
876 1427 1000 1474 flores,

403 1487 529 1525 Necte
557 1499 649 1525 meo
678 1488 838 1526 Lamiae
866 1500 1067 1534 coronam,

295 1548 472 1597 Pimplea
499 1548 648 1586 dulcis!
706 1549 774 1588 Nil
800 1550 886 1588 sine
913 1557 953 1588 te
980 1551 1057 1588 mei

296 1610 464 1647 Prosunt
493 1610 664 1649 honores
676 1624 688 1658 3
716 1610 823 1648 hunc
851 1611 997 1650 fidibus
1025 1612 1149 1659 novis,

350 1671 472 1709 Hunc
502 1671 648 1710 Lesbio
676 1685 826 1711 sacrare
852 1673 1002 1722 plectro

403 1733 543 1783 Teque
570 1740 736 1784 tuasque
764 1734 880 1774 decet
907 1747 1071 1773 sorores.

538 1921 780 1961 CARMEN
809 1923 983 1961 XXVII.

626 2028 683 2054 AD
711 2028 903 2057 SODALES.

298 2109 429 2148 NATrs
457 2110 499 2148 in
527 2123 641 2149 usum
671 2112 840 2151 laetitiae
867 2114 1024 2163 scyphis

297 2171 475 2221 Pugnare
504 2173 702 2211 Thracum
731 2180 812 2212 est:
850 2175 974 2212 tollite
1003 2175 1210 2213 barbarum

352 2233 507 2271 Morem
536 2235 883 2285 verecundumque
912 2237 1112 2274 Bacchum

403 2295 634 2344 Sanguineis
661 2297 867 2345 prohibete
894 2298 996 2336 rixis.

1355 390 1394 422 ¹5

1355 703 1397 724 20
