1592 2592
142 173 196 211 40

482 170 580 200 THE
616 170 738 201 ODES
774 170 836 200 OF
870 169 1078 201 HORACE.

251 269 333 307 Aut
363 269 403 307 in
433 268 630 308 umbrosis
660 269 870 308 Heliconis
898 270 976 308 oris

251 333 333 369 Aut
362 343 479 381 super
508 332 649 379 Pindo,
678 332 861 382 gelidove
890 332 931 370 in
962 333 1153 371 Haemo?

252 394 376 433 Unde
404 394 583 432 vocalem
612 400 760 432 temere
789 394 991 433 insecutae

359 455 520 505 Orphea
548 456 669 494 silvae

253 518 347 556 Arte
376 525 552 557 materna
580 518 739 568 rapidos
767 525 988 558 morantem

251 580 480 618 Fluminum
510 581 644 631 lapsus
673 582 900 631 celeresque
931 587 1080 629 ventos,

251 642 451 681 Blandum
481 649 520 681 et
548 643 693 682 auritas
723 643 869 682 fidibus
897 643 1053 682 canoris

361 705 518 743 Ducere
547 717 727 755 quercus.

250 767 362 816 Quid
390 767 497 816 prius
525 767 656 806 dicam
687 768 811 806 solitis
840 768 1011 817 parentis

252 828 468 876 Laudibus,
500 830 567 880 qui
598 843 659 868 res
685 830 892 869 hominurn
921 842 969 868 ac
997 830 1175 878 deorum,

249 891 331 941 Qui
361 904 467 931 mare
495 905 543 931 ac
571 899 691 932 terras
719 892 915 943 variisque
941 892 1140 931 mundum

357 955 573 1004 Temperat
602 955 738 993 horis?

249 1016 373 1055 Unde
402 1016 457 1054 nil
486 1017 613 1055 maius
641 1023 849 1067 generatur
877 1017 974 1067 ipso,

250 1078 337 1116 Nec
365 1078 468 1128 viget
496 1079 717 1129 quidquam
747 1079 874 1117 simile
902 1085 970 1117 aut
997 1078 1242 1117 secundum:

249 1141 454 1179 Proximos
482 1141 537 1178 illi
567 1148 699 1180 tamen
729 1140 938 1191 occupavit

357 1203 485 1241 Pallas
514 1203 697 1251 honores,

250 1265 412 1303 Proeliis
441 1265 581 1304 audax.
640 1266 783 1315 Neque
810 1271 850 1303 te
879 1264 1016 1313 silebo,

249 1326 378 1375 Liber,
408 1334 447 1366 et
475 1327 601 1366 saevis
630 1328 789 1365 inimica
817 1327 938 1377 Virgo

249 1390 394 1436 Beluis,
426 1402 500 1428 nec
528 1396 568 1428 te
597 1389 811 1428 metuende
839 1396 946 1428 certa

358 1450 522 1490 Phoebe
550 1451 700 1501 sagitta.

252 1514 394 1552 Dicam
424 1520 463 1552 et
492 1513 663 1552 Alciden
691 1525 914 1563 puerosque
945 1513 1091 1561 Ledae,

249 1577 374 1614 Hunc
403 1575 527 1626 equis,
558 1575 670 1614 illurn
700 1588 884 1625 superare
913 1575 1054 1625 pugnis

249 1638 439 1677 Nobilem
453 1652 464 1686 3
501 1651 671 1688 quorum
700 1638 818 1676 simul
845 1636 937 1676 alba
964 1637 1095 1676 nautis

355 1701 475 1739 Stella
505 1700 664 1747 refulsit,

249 1762 398 1801 Defluit
427 1762 529 1800 saxis
558 1762 726 1811 agitatus
755 1774 880 1809 umor,

246 1825 478 1864 Concidunt
505 1824 628 1871 venti,
657 1824 890 1873 fugiuntque
919 1821 1058 1869 nubes,

248 1887 300 1925 Et
329 1885 651 1935 minax—quod
679 1886 736 1923 sic
764 1885 923 1923 voluere
949 1907 972 1910 —
1001 1890 1127 1934 ponto

355 1949 479 1989 Unda
507 1947 711 1987 recumbit.

247 2011 467 2050 Romulum
496 2018 584 2060 post
614 2010 686 2047 hos
715 2010 833 2059 prius,
863 2021 915 2047 an
943 2009 1122 2059 quietum

247 2074 417 2122 Pompili
446 2086 609 2122 regnum
639 2084 869 2119 memorem,
900 2083 950 2108 an
980 2069 1171 2119 superbos

247 2135 437 2184 Tarquini
466 2135 602 2181 fasces,
633 2133 786 2181 dubito,
815 2145 867 2171 an
896 2132 1060 2172 Catonis

356 2197 502 2235 Nobile
531 2197 666 2235 letum.

250 2259 447 2308 Regulum
477 2266 515 2297 et
545 2259 712 2301 Scauros
741 2257 978 2306 animaeque
1006 2267 1173 2304 magnae

247 2322 460 2371 Prodigum
491 2321 671 2358 Paullum
702 2326 912 2370 superante
941 2319 1079 2356 Poeno

1372 597 1413 621 10

1371 907 1410 941 15

1369 1218 1411 1240 20

1369 1528 1407 1560 25

1367 2146 1406 2178 35
