1592 2592
579 186 709 218 3001<
744 187 792 219 11.
827 179 865 229 8,
900 191 941 230 9.

296 275 534 339 Ridet⁰hoe,
566 294 740 342 inquam,
769 294 909 333 Venus
937 294 1032 345 ipsa,
1062 295 1193 335 rident

297 353 503 404 Simplices
533 355 753 405 Nymphae,
783 356 887 396 ferus
915 364 955 396 et
983 358 1144 408 Cupido

297 416 462 468 Semper
487 417 670 457 ardentes
697 431 845 458 acuens
873 420 1032 470 sagittas

402 479 504 518 Cote
532 488 705 520 cruenta.

293 540 424 588 Adde,
453 541 564 591 quod
591 541 718 592 pubes
745 543 817 582 tibi
846 544 986 583 crescit
1014 546 1157 594 omnis,

293 602 466 642 Servitus
494 605 633 643 crescit
661 616 764 645 nova
777 619 789 654 ς
825 618 900 645 nec
929 607 1078 656 priores

294 665 446 715 Impiae
474 672 623 704 tectum
651 667 839 707 dominae
866 669 1094 719 relinquunt

399 727 526 778 Saepe
554 729 703 767 minati.

290 790 352 827 Te
379 790 459 828 suis
488 797 631 830 matres
661 799 843 830 metuunt
872 793 1059 842 iuvencis,

291 851 352 889 Te
381 863 496 891 senes
524 853 630 902 parci
659 854 905 905 miseraeque
933 868 1059 906 nuper

292 913 473 963 Virgines
502 922 659 964 nuptae,
691 922 757 954 tua
786 929 837 955 ne
865 917 1035 957 retardet

396 977 504 1015 Aura
533 978 704 1016 maritos.

566 1199 837 1240 CARMEN
872 1203 949 1241 IX.

579 1327 636 1354 AD
664 1327 699 1355 C.
731 1329 935 1359 VALGIUM.

289 1411 386 1450 NoN
414 1424 570 1463 semper
597 1414 743 1454 imbres
773 1416 946 1458 nubibus
974 1420 1154 1471 hispidos

287 1473 455 1512 Manant
483 1475 523 1512 in
552 1488 665 1525 agros
694 1485 762 1516 aut
790 1491 898 1519 mare
926 1482 1116 1532 Caspium

339 1536 494 1574 Vexant
523 1537 749 1588 inaequales
777 1543 972 1590 procellae

396 1599 548 1647 Usque,
579 1612 654 1638 nec
680 1602 879 1642 Armeniis
907 1605 948 1642 in
976 1607 1066 1654 oris,

286 1659 426 1697 Amice
454 1661 579 1710 Valgi,
610 1668 686 1700 stat
712 1664 856 1713 glacies
884 1666 989 1705 iners

287 1721 448 1759 Menses
477 1735 547 1772 per
574 1736 714 1764 omnes
742 1733 810 1764 aut
838 1728 1106 1778 Aquilonibus

339 1783 538 1832 Querceta
566 1786 738 1837 Gargani
766 1788 947 1829 laborant

393 1846 444 1884 Et
473 1847 575 1886 foliis
603 1849 814 1889 viduantur
842 1853 951 1892 orni:

283 1907 347 1944 Tu
375 1919 531 1958 semper
558 1922 672 1960 urges
701 1912 899 1952 flebilibus
928 1917 1058 1955 modis

284 1968 444 2018 Mysten
472 1971 715 2021 ademptum,
747 1987 822 2014 nec
849 1975 920 2015 tibi
948 1979 1127 2029 Vespero

336 2030 528 2081 Surgente
556 2033 757 2074 decedunt
783 2049 938 2077 amores

390 2092 477 2131 Nec
505 2095 686 2143 rapidum
716 2097 890 2148 fugiente
918 2102 1063 2141 Solem.

282 2154 336 2191 At
364 2166 447 2192 non
474 2162 533 2194 ter
559 2169 658 2196 aevo
686 2159 844 2200 functus
870 2162 1081 2203 amabilem

284 2215 454 2255 Ploravit
480 2230 620 2257 omnes
648 2222 907 2262 Antilochum
936 2238 1056 2264 senex

333 2278 484 2326 Annos,
516 2292 590 2318 nec
618 2282 822 2332 impubem
851 2295 1032 2335 parentes

385 2340 551 2379 Tro'sson
578 2351 646 2381 aut
675 2344 865 2396 Phrygiae
893 2361 1047 2388 sorores

273 2405 320 2437 (Π
332 2406 402 2439 ⁵⁵8)

1347 200 1399 238 33

1354 439 1391 471 15

1352 751 1394 774 20

1344 1997 1382 2019 10

1339 2306 1376 2338 15
