1592 2592
579 176 708 207 BOOK
743 176 773 207 1.
796 178 945 218 31-33.

305 276 451 317 Lesbio
478 277 647 328 primum
676 274 878 313 modulate
905 273 1006 321 civi;

305 340 387 389 Qui
414 340 521 378 ferox
548 337 655 376 bello
682 345 814 375 tamen
844 336 944 374 inter
970 347 1079 373 arma

305 401 395 440 Sive
421 401 603 438 iactatam
631 399 808 448 religarat
835 397 918 435 udo

393 463 546 513 *Litore
573 461 716 508 navim,

307 524 493 563 Liberum
522 530 562 562 et
590 523 729 561 Musas
755 523 1035 570 Veneremque
1061 526 1101 558 et
1130 519 1183 557 illi

306 587 470 636 Semper
496 586 722 623 haerentem
751 595 915 634 puerum
943 582 1113 620 canebat

307 649 359 686 Et
388 649 538 698 Lycum
567 646 685 696 nigris
713 646 837 684 oculis
866 645 1057 694 nigroque

415 709 535 749 Crine
562 709 764 747 decorum.

307 771 346 811 O
374 771 496 810 decus
525 769 678 808 Phoebi
707 776 746 808 et
774 768 943 818 dapibus
971 767 1143 817 supremi

308 833 430 871 Grata
457 832 615 871 testudo
647 831 765 876 Iovis,
794 842 821 868 o
848 829 1028 867 labomm

310 895 439 932 Dulce
467 894 650 940 lenimen,
681 893 777 930 mihi
805 903 965 941 cunque
991 891 1098 929 salve

416 955 510 994 Rite
537 955 705 993 vocanti.

541 1200 783 1240 CARMEN
812 1200 1011 1237 XXXIII.

524 1306 581 1333 AD
609 1306 770 1333 ALBmM
798 1305 1029 1333 TIBULLUM.

312 1393 430 1438 ALBI,
460 1403 511 1429 ne
538 1391 673 1429 doleas
701 1391 789 1440 plus
817 1391 941 1428 nimio
968 1403 1122 1428 memor

313 1453 483 1490 Immitis
510 1453 712 1501 Glycerae,
742 1465 820 1490 neu
848 1452 1089 1490 miserabiles

315 1515 512 1552 Deoentes
539 1514 681 1562 elegos,
712 1526 781 1550 cur
807 1513 879 1551 tibi
907 1514 1036 1551 iunior

421 1576 544 1613 Laesa
571 1575 786 1624 praenitent
813 1575 903 1613 fide.

314 1636 516 1686 Insignem
544 1636 652 1673 tenui
680 1636 808 1674 fronte
836 1636 1029 1686 Lycorida

315 1697 406 1747 Cyri
434 1704 552 1738 torret
580 1710 716 1745 amor;
756 1699 882 1747 Cyrus
910 1698 950 1735 in
979 1710 1158 1747 asperam

316 1759 498 1797 Declinat
528 1760 731 1807 Pholoen3
767 1760 839 1798 sed
866 1761 973 1809 prius
999 1760 1141 1809 Apulis

422 1822 640 1871 Iungentur
667 1833 831 1871 oepreae
858 1822 971 1871 lupis,

315 1882 448 1930 Quam
476 1883 578 1932 turpi
608 1883 759 1921 Pholoe
786 1890 925 1932 peccet
951 1883 1142 1921 adultero.

315 1945 380 1982 Sic
407 1944 534 1982 visum
562 1945 717 1991 Veneri,
748 1945 812 1982 cui
840 1946 968 1995 placet
997 1946 1165 1995 impares

318 2006 479 2043 Formas
506 2013 626 2055 atque
654 2007 808 2044 animos
837 2007 912 2045 sub
941 2007 1031 2056 iuga
1057 2009 1181 2045 aenea

423 2067 549 2106 Saevo
577 2068 730 2106 mittere
759 2081 850 2105 cum
880 2069 979 2107 ioco.

317 2129 454 2177 Ipsum
482 2141 547 2166 me
575 2129 714 2167 melior
740 2142 831 2167 cum
855 2137 1004 2179 peteret
1030 2131 1180 2178 Venus,

318 2190 437 2228 Grata
464 2190 633 2228 detinuit
661 2191 855 2240 compede
884 2192 1052 2241 Myrtale

319 2249 517 2288 Libertina
544 2251 650 2289 fretis
678 2252 803 2289 acrior
832 2251 1007 2290 Hadriae

424 2311 631 2355 Curvantis
661 2312 850 2353 Calabros
880 2313 999 2357 sinusv

1349 173 1404 214 59

1367 595 1407 618 lo

1368 905 1406 938 ¹5

1377 1961 1417 1983 10

1376 2269 1415 2302 15
