1592 2592
586 146 715 178 Boon
749 146 779 178 1.
802 150 839 187 2,
866 150 906 190 3.
1324 148 1373 187 31

567 338 811 379 CARMEN
839 338 921 378 111.

194 457 252 485 AD
279 457 428 485 NAVEM
455 456 543 492 QUA
570 456 827 484 VEHEBATUR
855 455 1072 484 VIRGILIUS
1099 457 1295 485 ATHENAS

583 518 893 547 PROFICISCENS.

273 615 345 654 Src
371 621 412 654 te
438 615 530 654 diva
556 621 699 666 potens
727 615 859 665 Cypri,

326 677 393 716 Sic
418 677 554 716 fratres
583 678 776 723 Helenae,
805 677 937 716 lucida
965 677 1104 726 sidera,

274 739 575 789 Ventorumque
601 746 710 789 regat
736 746 846 789 pater

327 799 536 839 Obstrictis
562 801 648 839 aliis
677 808 830 850 praeter
858 802 1015 851 Iapyga,

275 862 409 908 Navis,
438 874 541 911 quae
567 861 639 900 tibi
666 862 859 901 creditum
1355 882 1374 913 5

330 923 466 962 Debes
492 924 710 974 Virgilium,
741 924 887 963 finibus
915 925 1058 964 Atticis

274 985 438 1024 Reddas
464 986 715 1033 incolumem,
746 999 894 1036 precor,

328 1047 381 1084 Et
407 1058 537 1085 serves
563 1048 719 1086 animae
746 1048 955 1087 dimidium
985 1060 1111 1088 moee.

276 1108 339 1146 Illi
358 1108 479 1147 robur
506 1116 545 1147 et
571 1120 639 1147 aoe
665 1110 803 1159 triplex

329 1170 445 1210 Cim
471 1178 608 1220 pectus
636 1178 728 1218 erat,
760 1173 827 1221 qui
856 1173 1031 1223 fragilem
1060 1174 1159 1212 truci
1334 1192 1373 1214 10

275 1231 485 1270 Commisit
511 1233 652 1282 pelago
678 1240 802 1272 ratem

329 1294 493 1342 Primus,
523 1306 597 1332 nec
624 1295 755 1334 timuit
782 1297 1037 1346 praecipitem
1066 1298 1245 1337 Africum

275 1356 555 1395 Deoertantem
583 1357 849 1406 Aquilonibus

327 1418 414 1456 Nec
441 1418 569 1456 tristes
597 1419 763 1468 Hyadas
790 1431 865 1458 nec
892 1420 1041 1459 rabiem
1072 1422 1180 1470 Noti,

272 1480 367 1528 Quo
395 1492 476 1518 non
503 1479 648 1518 arbiter
677 1481 853 1519 Hadriae
1331 1501 1370 1534 ยน5

327 1541 469 1588 Maior,
498 1541 635 1579 tollere
662 1553 733 1580 seu
761 1554 909 1591 ponere
935 1544 1017 1582 volt
1045 1545 1151 1583 freta.

273 1605 406 1654 Quem
433 1606 570 1643 mortis
596 1606 727 1644 timuit
753 1607 929 1655 gradum,

326 1667 407 1716 Qui
426 1667 540 1706 siccis
566 1668 692 1706 oculis
719 1675 895 1706 monstra
922 1671 1107 1718 natantia,

273 1730 353 1779 Qui
380 1729 478 1768 vidit
505 1741 612 1767 mare
639 1730 837 1779 turgidum
866 1738 905 1768 et

326 1792 500 1830 Infames
518 1791 703 1841 scopulos
731 1793 1019 1831 Acroceraunia
1032 1794 1050 1831 ฮก
1328 1815 1369 1836 20

271 1854 525 1903 Nequiquam
552 1854 651 1893 deus
677 1853 845 1892 abscidit

325 1916 503 1954 Prudens
531 1915 695 1954 Oceano
723 1915 963 1954 dissociabili

270 1978 422 2024 Terras,
451 1978 484 2015 si
511 1985 645 2016 tamen
673 1978 817 2027 impiae

325 2040 418 2077 Non
445 2040 643 2089 tangenda
671 2047 771 2077 rates
798 2041 1021 2080 transiliunt
1049 2044 1159 2083 vada.

270 2100 411 2138 Audax
439 2102 574 2140 omnia
599 2102 750 2151 perpeti
1327 2125 1364 2156 25

322 2162 432 2200 Gens
458 2163 631 2201 humana
659 2164 734 2202 ruit
761 2176 831 2214 per
856 2167 1020 2205 vetitum
1050 2169 1171 2207 nefas.

270 2224 413 2261 Audax
440 2225 566 2273 Iapeti
593 2237 719 2274 genus

324 2285 463 2336 Ignem
492 2287 629 2325 fraude
655 2288 759 2326 mala
786 2289 969 2338 gentibus
997 2292 1138 2330 intulit.
