1592 2592
573 153 702 185 Boox
736 154 766 186 1.
796 158 856 196 12,
885 158 947 199 13.

250 252 396 292 Gmtus
423 253 565 304 insigni
593 254 757 293 referam
786 254 965 294 Camena

358 314 672 366 Fabriciumque.

250 376 375 415 Hunc
402 383 442 415 et
469 377 680 427 incomptis
710 377 875 417 Curium
902 378 1054 428 capillis

249 438 399 477 Utilem
429 437 535 477 bello
562 439 650 477 tulit
678 446 718 478 et
746 440 958 479 Camillum

248 499 373 539 Saeva
393 499 607 550 'paupertas
635 508 674 540 et
701 502 828 540 avitus
855 509 951 552 apto

356 562 460 601 Cum
487 562 567 601 lare
594 563 752 602 fundus.

247 623 399 663 Crescit
426 625 583 663 occulto
611 626 717 663 velut
743 625 860 664 arbor
884 638 985 665 aevo

248 685 370 724 Fama
398 687 587 734 Marcelli,
618 688 736 726 micat
765 688 867 727 inter
893 701 1034 727 omnes

248 747 394 786 Iulium
422 748 531 786 sidus
558 749 665 787 velut
693 750 794 788 inter
821 750 932 800 ignes

354 810 469 848 Luna
496 810 680 849 minores.

247 870 389 909 Gentis
416 871 615 910 humanae
642 879 752 922 pater
778 880 899 923 atque
925 881 1059 912 custos

246 931 345 971 Orte
372 932 553 980 Sammo,
584 933 656 972 tibi
684 947 778 973 cura
806 937 937 985 magni

246 993 425 1032 Caesaris
453 994 540 1032 satis
569 995 684 1034 data:
722 1002 765 1034 tu
794 997 973 1035 secundo

353 1055 521 1095 Caesare
549 1068 700 1106 regnes.

246 1117 331 1163 Ille,
362 1129 432 1156 seu
461 1118 626 1157 Parthos
656 1120 769 1158 Latio
798 1121 1050 1160 imminentes

245 1177 379 1228 Egerit
407 1179 511 1218 iusto
538 1179 711 1220 domitos
739 1183 940 1232 triumpho

244 1239 335 1279 Sive
362 1240 561 1280 subiectos
589 1242 763 1282 Orientis
790 1256 884 1283 orae

350 1302 463 1341 Seras
491 1311 531 1342 et
559 1305 694 1353 Indos,

242 1362 304 1402 Te
330 1364 460 1403 minor
485 1365 608 1403 latum
636 1374 743 1416 reget
768 1380 919 1417 aequus
947 1367 1110 1418 orbem3

244 1424 308 1462 Tu
335 1426 441 1474 gravi
468 1439 582 1465 curru
610 1429 763 1477 quaties
792 1429 1017 1479 Olympum,

242 1486 307 1523 Tu
333 1498 471 1535 parum
499 1489 615 1526 castis
644 1490 803 1528 inimica
830 1491 961 1529 mittes

351 1547 533 1586 Fulmina
560 1549 670 1588 lucis.

566 1885 808 1927 CARMEN
836 1886 965 1928 XIIL'

637 2001 694 2027 AD
722 2001 894 2030 LYDIAM.

241 2098 342 2138 CUM
370 2107 426 2149 tu,
458 2103 594 2152 Lydia,
623 2105 791 2155 Telephi

294 2161 498 2201 Cervicem
527 2178 690 2214 roseam,
722 2180 834 2206 cerea
861 2170 1029 2219 Telephi

243 2222 399 2261 Laudas
427 2223 597 2272 brachia,
627 2240 699 2266 vae
726 2241 860 2267 meum

296 2284 467 2326 Fervens
495 2288 642 2332 difficili
671 2289 750 2334 bile
778 2299 903 2334 tumet
932 2293 1051 2338 iecur,

1360 334 1406 366 4ο

1359 645 1402 678 45

1358 955 1402 987 50

1356 1265 1397 1297 55
