1592 2592
539 168 638 200 THE
673 168 795 199 ODES
831 168 892 199 ΟΡ
926 168 1135 201 HORACE.

368 269 524 307 Evitata
553 269 647 307 rotis
676 268 887 319 palmaque
915 267 1061 308 nobilis

366 332 575 369 Terrarum
605 331 790 369 dominos
819 331 950 370 evehit
977 331 1030 370 ad
1058 331 1156 371 deos
1171 346 1184 381 ;

371 395 505 442 Hunc,
536 393 568 431 si
597 392 807 431 mobilium
836 393 953 432 turba
982 394 1198 442 Quiritium

368 456 503 495 Certat
532 455 759 506 tergeminis
788 456 926 494 tollere
954 455 1203 506 honoribus3

369 519 499 566 Illum,
531 519 563 556 si
592 518 752 568 proprio
780 518 962 568 condidit
990 518 1145 567 horreo,

368 581 579 631 Quidquid
607 580 659 619 de
690 580 848 630 Libycis
876 580 1040 619 ver-titur
1066 582 1178 620 areis.

368 644 622 682 Gaudentem
651 642 799 693 patrios
828 643 979 682 findere
1008 644 1162 682 sarculo

369 707 495 756 Agros
525 705 706 744 Attalicis
734 704 1035 744 conditionibus

370 769 587 818 Nunquam
616 768 833 815 dimoveas,
864 774 907 806 ut
935 767 1046 807 trabe
1075 768 1220 819 Cypria

369 832 573 881 Myrtoum
601 830 768 880 pavidus
798 837 918 869 nauta
946 837 1052 869 secet
1080 843 1198 870 mare.

371 894 606 931 Luctantem
638 892 773 930 Icariis
802 892 988 931 fluctibus
1017 892 1195 930 Africum

370 955 571 993 Mercator
599 961 781 993 metuens
810 955 936 992 otium
965 961 1005 993 et
1034 954 1171 1004 oppidi

371 1017 525 1055 Laudat
554 1029 642 1054 rura
670 1016 729 1054 sui
744 1030 755 1064 3
793 1029 886 1054 mox
914 1017 1039 1055 reficit
1067 1023 1168 1056 rates

369 1080 544 1128 Quassas
574 1078 756 1117 indocilis
786 1079 1014 1128 pauperiem
1042 1079 1134 1128 pati.

370 1142 441 1180 Est
471 1142 539 1191 qui
568 1153 643 1179 nec
671 1141 812 1179 veteris
841 1141 984 1190 pocula
1014 1141 1175 1179 Massici

371 1205 457 1242 Nec
486 1210 637 1252 partem
666 1202 795 1240 solido
823 1202 984 1241 demere
1011 1202 1063 1241 de
1090 1202 1157 1241 die

370 1266 537 1315 Spernit,
569 1278 676 1303 nunc
705 1265 817 1303 viridi
848 1263 1026 1303 membra
1054 1264 1129 1302 sub
1157 1264 1300 1303 arbuto

369 1329 530 1375 Stratus,
563 1340 670 1365 nunc
697 1327 750 1365 ad
778 1338 906 1377 aquae
934 1327 1023 1366 lene
1051 1334 1169 1376 caput
1197 1338 1342 1365 sacrae.

372 1391 523 1428 Multos
553 1396 679 1428 castra
709 1390 843 1427 iuvant
872 1395 911 1427 et
940 1388 1039 1427 lituo
1067 1388 1187 1427 tubae

371 1452 590 1491 Permixtus
619 1451 773 1489 sonitus
802 1450 986 1500 bellaque
1014 1450 1205 1489 matribus

372 1515 589 1552 Detestata.
649 1514 789 1551 Manet
818 1511 893 1551 sub
924 1514 1020 1551 Iove
1049 1513 1191 1563 frigido

370 1578 548 1614 Venator
576 1583 735 1614 tenerae
763 1575 942 1625 coniugis
972 1575 1191 1620 immemor,

372 1639 451 1677 Seu
480 1638 564 1676 visa
591 1644 651 1676 est
680 1637 820 1675 catulis
852 1649 965 1675 cerva
994 1636 1190 1684 fidelibus,

370 1701 448 1739 Seu
477 1700 581 1749 rupit
609 1706 752 1738 teretes
783 1699 940 1737 Marsus
968 1711 1062 1748 aper
1090 1699 1234 1748 plagas.

371 1763 441 1800 Me
471 1762 679 1800 doctarum
709 1761 879 1799 hederae
908 1761 1082 1810 praemia
1109 1760 1299 1798 frontium

372 1825 445 1862 Dis
475 1824 642 1862 miscent
671 1823 846 1872 superis;
884 1834 948 1860 me
976 1822 1151 1872 gelidum
1179 1833 1321 1860 nemus

372 1887 727 1936 Nympharumque
755 1885 861 1924 leves
890 1897 982 1922 cum
1011 1884 1156 1934 Satyris
1184 1883 1294 1921 chori

371 1949 590 1987 Secernunt
619 1947 779 1997 populo,
811 1947 842 1984 si
872 1958 1003 1996 neque
1030 1946 1148 1984 tibias

372 2011 545 2059 Euterpe
573 2009 734 2048 cohibet
757 2021 833 2047 nec
863 2007 1122 2058 Polyhymnia

371 2072 573 2115 Lesboum
603 2071 743 2121 refugit
772 2070 935 2108 tendere
965 2069 1158 2108 barbiton.

371 2134 493 2183 Quod
522 2133 554 2172 si
582 2145 648 2171 me
676 2133 804 2183 lyricis
833 2131 987 2170 vatibus
1016 2131 1175 2175 inseres,

372 2195 539 2236 Sublimi
568 2195 704 2234 seriam
734 2194 862 2233 sidera
892 2194 1046 2232 vertice.
