1592 2592
203 153 255 191 24

548 156 645 186 THE
680 157 803 189 ODES
838 158 899 189 OF
934 159 1140 192 HORACE.

476 260 560 298 Res
589 261 792 310 ordinaris,
824 264 973 313 grande
1001 277 1149 304 munus

530 323 726 373 Cecropio
755 333 908 375 repetes
937 327 1144 377 cothurno,

421 385 583 435 Insigne
611 387 769 426 maestis
799 389 1040 437 praesidium
1072 390 1146 429 reis

422 447 474 486 Et
503 449 737 498 consulenti,
771 452 908 500 Pollio,
941 453 1099 502 curiae3

475 511 551 550 Cui
581 512 712 552 laurus
741 521 922 553 aeternos
952 515 1125 554 honores

530 575 754 615 Dalmatico
785 577 935 627 peperit
964 579 1176 628 triumpho.

422 638 509 676 Iam
539 651 646 677 nunc
675 641 820 679 minaci
850 654 1050 681 murmure
1079 655 1271 684 cornuum

423 701 653 752 Perstringis
681 715 806 752 aures,
838 705 916 743 iam
946 706 1032 743 litui
1062 713 1264 757 strepunt;

474 764 559 802 Iam
591 765 718 815 fulgor
745 779 944 805 armorum
974 768 1132 818 fugaces

528 828 665 866 Terret
695 841 819 878 equos
849 831 1110 881 equitumque
1138 832 1280 871 vultus.

420 889 571 928 Audire
600 903 764 941 magnos
795 892 871 930 iam
902 893 1038 932 videor
1066 894 1189 934 duces

418 951 512 990 Non
543 952 734 992 indecoro
765 955 925 1003 pulvere
954 956 1149 1005 sordidos,

473 1015 525 1053 Et
554 1023 698 1054 cuncta
726 1024 914 1055 terrarum
945 1017 1109 1057 subacta

526 1079 686 1117 Praeter
714 1087 888 1118 atrocem
918 1081 1095 1119 animum
1126 1083 1302 1123 Catonis.

417 1140 521 1178 Iuno
550 1148 589 1179 et
620 1142 797 1180 Deorum
828 1143 1007 1192 quisquis
1036 1144 1199 1184 amicior

414 1202 519 1241 Afris
548 1202 672 1242 inulta
701 1212 871 1243 cesserat
901 1205 1100 1255 impotens

469 1266 628 1305 Tellure
657 1267 849 1305 victorum
881 1275 1045 1317 nepotes

523 1329 692 1368 Rettulit
722 1329 878 1368 inferias
910 1331 1136 1381 Iugurthae.

416 1391 517 1440 Quis
546 1404 628 1430 non
660 1392 802 1431 Latino
833 1394 1023 1443 sanguine
1052 1395 1236 1446 pinguior

413 1454 590 1504 Campus
621 1455 807 1505 sepulcris
838 1455 959 1506 impia
987 1458 1136 1506 proelia

466 1518 652 1555 Testatur
679 1518 941 1568 auditumque
972 1520 1104 1559 Medis

521 1580 740 1629 Hesperiae
771 1580 944 1619 sonitum
973 1582 1139 1621 ruinae?

413 1642 493 1690 Qui
522 1654 662 1692 gurges
691 1649 759 1680 aut
789 1655 892 1692 quae
922 1644 1085 1683 flumina
1114 1645 1289 1695 lugubris

411 1704 553 1753 Ignara
581 1700 705 1743 belli?
744 1705 854 1755 quod
884 1718 991 1744 mare
1022 1707 1204 1746 Dauniae

466 1767 559 1805 Non
589 1767 866 1806 decoloravere
895 1769 1068 1807 caedes?

519 1829 634 1878 Quae
663 1836 768 1868 caret
798 1842 866 1868 ora
894 1843 1033 1869 cruore
1063 1833 1228 1870 nostro?

407 1891 486 1929 Sed
517 1903 568 1929 ne
597 1891 751 1939 relictis,
785 1893 903 1930 Musa
933 1905 1087 1942 procax,
1118 1894 1214 1933 iocis

408 1954 515 1992 Ceae
544 1961 727 1992 retractes
757 1967 921 1993 munera
951 1956 1115 1995 neniae:

462 2017 625 2070 Mecum
658 2017 841 2055 Dionaeo
870 2017 945 2056 sub
974 2025 1088 2057 antro

518 2081 675 2129 Quaere
704 2081 847 2120 modos
877 2082 1021 2121 leviore
1050 2083 1211 2132 plectro.

1433 534 1474 567 15

1432 850 1473 873 20

1427 1164 1467 1196 ²5

1420 1475 1463 1507 30

1421 1787 1461 1821 35

1412 2101 1459 2132 40
