1592 2592
609 194 739 226 Boox
773 194 821 224 ιι.
859 197 918 236 19,
955 196 1020 224 κο.

345 303 409 341 Tu
440 301 565 341 flectis
592 312 742 347 amnes,
771 306 814 338 tu
843 310 952 338 mare
978 297 1202 345 barbarum,

346 366 409 404 Tu
439 363 627 414 separatis
654 363 797 401 uvidus
826 363 866 400 in
895 361 995 411 iugis

372 466 375 467 γ
402 427 523 466 Nodo
550 427 709 465 coerces
737 425 915 475 viperino
1178 458 1182 461 .

457 488 710 527 Bistonidum
739 488 826 526 sine
853 487 990 525 fraude
1018 486 1170 525 crines:

347 553 422 599 Tu,
453 563 544 589 cum
574 551 746 601 parentis
775 562 894 600 regna
921 562 992 599 per
1017 549 1187 587 arduum

348 614 504 654 Cohors
533 613 748 663 Gigantum
777 612 984 650 scanderet
1012 611 1145 661 impia,

403 676 606 714 Rhoetum
635 674 821 713 retorsisti
851 674 977 712 leonis

458 737 671 787 Unguibus
700 735 956 785 horribilique
983 736 1112 783 mala;

349 800 604 849 Quamquam
634 799 787 837 choreis
815 798 944 848 aptior
970 805 1009 836 et
1037 798 1134 836 iocis

354 863 549 912 Ludoque
577 862 707 900 dictus
736 873 818 899 non
848 868 908 899 sat
936 861 1106 899 idoneus

406 926 567 975 Pugnae
594 923 806 962 ferebaris:
844 923 916 962 sed
944 923 1051 961 idem

459 987 572 1025 Pacis
601 998 686 1024 eras
716 986 952 1036 mediusque
980 985 1085 1024 belli.

351 1050 412 1088 Te
439 1049 537 1088 vidit
565 1049 702 1087 insons
731 1047 927 1088 Cerberus
954 1060 1075 1087 aureo

352 1113 490 1152 Comu
518 1112 719 1158 decorum,
750 1111 890 1149 leniter
917 1117 1090 1149 atterens

404 1175 584 1215 Caudam
615 1181 654 1212 et
682 1173 903 1212 recedentis
931 1173 1103 1223 trilingui

459 1237 540 1276 Ore
569 1236 691 1286 pedes
720 1236 925 1286 tetigitque
953 1248 1076 1275 crura.

639 1482 883 1521 CARMEN
911 1483 1000 1520 XX.

629 1596 685 1622 AD
714 1595 1019 1623 MAECENATEM.

354 1673 453 1711 NON
482 1673 622 1711 usitata
651 1684 725 1710 nec
753 1672 863 1710 tenui
892 1673 992 1711 ferar

356 1736 492 1774 Penna
519 1734 698 1773 biformis
727 1747 795 1784 per
823 1735 1018 1784 liquidum
1046 1735 1206 1774 aethera

406 1798 540 1844 Vates,
571 1809 701 1846 neque
730 1797 770 1834 in
800 1797 909 1835 terris
938 1796 1121 1835 morabor

464 1859 639 1909 Longius
669 1859 896 1909 invidiaque
924 1859 1050 1897 maior

354 1922 485 1962 Urbes
513 1921 742 1972 relinquam.
803 1922 896 1960 Non
925 1933 1000 1971 ego
1027 1933 1244 1970 pauperum

354 1985 520 2034 Sanguis
548 1991 765 2033 parentum,
798 1996 879 2022 non
910 1996 995 2034 ego,
1025 1996 1146 2033 quem
1176 1995 1304 2030 vocas,

410 2046 574 2092 Dilecte,
606 2047 832 2093 Maecenas,
863 2045 1001 2092 obibo,

462 2108 549 2146 Nec
577 2108 709 2158 Stygia
738 2107 957 2146 cohibebor
986 2108 1105 2146 unda.

356 2170 443 2207 Iam
471 2169 548 2207 iam
577 2169 754 2208 residunt
783 2170 961 2209 cruribus
989 2182 1151 2220 asperae

356 2232 482 2270 Pelles
509 2238 548 2270 et
575 2230 711 2270 album
740 2240 871 2270 mutor
900 2234 941 2270 in
968 2233 1101 2271 alitem

408 2294 596 2343 Superne‚
627 2301 921 2345 nascunturque
950 2295 1055 2334 leves

462 2356 537 2394 Per
563 2355 706 2407 digitos
734 2369 972 2408 umerosque
999 2359 1168 2407 plumae.

1395 201 1447 241 47

1410 500 1452 523 20

1412 813 1451 844 ²5

1412 1126 1455 1157 30

1417 2247 1454 2269 10
