1592 2592
215 191 265 229 42

554 185 653 215 THE
690 185 810 215 ODES
846 185 908 215 OF
942 185 1149 217 HORACE.

325 291 436 341 Quid
465 291 573 330 brevi
603 292 724 330 sortes
753 292 969 330 iaculamur
996 304 1095 331 aevo

325 355 483 392 Multa?
521 354 619 404 quid
648 362 768 393 terras
797 350 877 393 alio
903 355 1078 393 calentes

323 417 416 456 Sole
445 418 674 455 mutamus?
731 417 884 456 Patriae
913 418 1002 467 quis
1031 418 1140 456 exsul

432 481 482 519 Se
511 492 672 530 quoque
701 480 828 530 sugit?

323 542 486 581 Scandit
515 549 666 581 aeratas
694 543 834 580 vitiosa
863 554 982 581 naves

326 606 432 645 Cura
461 618 535 644 nec
564 613 713 644 turmas
743 605 923 655 equitum
954 606 1152 656 relinquit,

324 669 447 708 Ocior
475 668 598 707 cervis
628 675 667 707 et
696 675 838 718 agente
867 667 1026 707 nimbos

432 731 553 770 Ocior
583 732 703 770 Euro.

325 795 470 832 Laetus
500 794 539 831 in
569 806 754 843 praesens
784 793 951 840 animus,
983 793 1093 843 quod
1123 793 1223 832 ultra
1251 798 1322 840 est,

323 857 464 896 Oderit
493 869 628 894 curare
657 863 695 895 et
723 868 857 894 amara
886 856 996 894 lento

324 918 539 969 Temperet
569 919 659 957 risu.
720 919 830 958 Nihil
858 925 918 957 est
946 918 998 957 ab
1026 918 1137 957 omni

432 983 547 1020 Parte
577 981 750 1020 beatum.
902 1029 904 1031 ‚

323 1044 499 1083 Abstulit
530 1045 678 1083 clarum
708 1045 785 1083 cita
815 1057 920 1083 mors
950 1044 1159 1091 Achillem,

325 1109 464 1158 Longa
492 1108 713 1146 Tithonum
743 1107 885 1145 minuit
914 1113 1109 1153 senectus,

325 1171 377 1209 Et
407 1171 503 1208 mihi
533 1171 676 1217 forsan,
708 1170 780 1208 tibi
810 1170 919 1219 quod
950 1169 1109 1219 negarit,

434 1233 609 1283 Porriget
638 1234 745 1271 hora.

323 1298 384 1335 Te
412 1309 548 1347 greges
576 1304 738 1335 centum
769 1295 1005 1345 Siculaeque
1033 1294 1182 1332 circum

326 1360 513 1410 Mugiunt
543 1371 696 1406 vaccae,
730 1357 801 1397 tibi
830 1358 930 1396 tollit
960 1357 1158 1395 hinnitum

323 1424 430 1473 Apta
458 1422 658 1472 quadrigis
689 1422 802 1471 equa,
835 1427 874 1459 te
901 1419 963 1459 bis
993 1419 1090 1458 Afro

434 1485 589 1524 Murice
618 1478 765 1523 tinctae

324 1549 511 1587 Vestiunt
539 1548 676 1587 lanae:
715 1547 813 1585 mihi
843 1558 961 1596 parva
989 1558 1077 1583 rura
1105 1551 1146 1583 et

324 1611 512 1661 Spiritum
543 1611 686 1649 Graiae
715 1617 875 1648 tenuem
907 1609 1108 1648 Camenae

326 1675 447 1712 Parca
477 1686 558 1712 non
588 1672 759 1711 mendax
789 1671 900 1710 dedit
929 1677 968 1709 et
997 1669 1214 1720 malignum

435 1736 627 1785 Spernere
657 1734 808 1784 vulgus.

1442 495 1484 518 20

1441 807 1481 840 ²5

1441 1119 1483 1151 30

1368 1432 1482 1466 -35

1441 1745 1485 1777 40
