1592 2592
196 158 249 210 48
535 169 633 199 THE
669 170 790 201 omas
825 171 887 201 OF
923 172 1130 203 HORACE.

362 269 443 307 Hic
472 271 512 308 in
541 271 704 310 reducta
733 272 833 311 valle
862 273 1079 312 Caniculae

360 331 515 370 Vitabis
543 341 674 371 aestus
704 341 743 372 et
772 335 851 373 fide
881 336 979 373 Teia

417 394 536 433 Dices
566 394 790 434 laborantes
819 396 858 434 in
889 410 970 435 uno

467 457 695 507 Penelopen
723 458 967 508 vitreamque
995 459 1150 499 Circen.
1426 475 1468 499 ιο

361 518 442 556 Hic
471 519 696 560 innocentis,
723 521 866 569 pocula
896 521 1028 559 Lesbii

361 580 495 619 Duces
525 581 599 620 sub
628 581 792 630 umbra;
822 595 896 621 nec
925 584 1146 622 Semeleius

415 643 520 682 Cum
550 645 679 683 Marte
708 646 927 684 confundet
954 647 1172 696 Thyoneus

468 706 631 754 Proelia,
664 718 739 745 nec
768 714 921 746 metues
950 715 1174 757 protervum

360 768 551 817 Suspecta
579 769 738 818 Cyrum,
771 782 821 808 ne
850 770 953 808 male
981 770 1126 820 dispari
1425 786 1464 818 25

360 830 662 869 Incontinentes
691 831 838 870 iniiciat
867 845 1008 871 manus

414 893 465 930 Et
494 893 647 931 scindat
676 894 903 932 haerentem
933 907 1123 933 coronam

466 954 654 994 Crinibus
682 955 999 1007 immeritamque
1028 964 1189 996 vestem.

613 1209 859 1250 CARMEN
886 1211 1046 1249 XVIII.

565 1318 622 1344 AD
650 1317 912 1351 QmN'rleM
939 1318 1101 1346 VARUM.

193 1401 392 1450 NULLAM,
423 1403 537 1451 Vare,
570 1414 680 1441 sacra
706 1403 786 1441 vite
814 1403 921 1452 prius
950 1402 1094 1441 severis
1122 1401 1302 1440 arborem

192 1464 309 1503 Circa
337 1465 433 1503 mite
462 1465 591 1503 solum
621 1464 781 1503 Tiburis
809 1470 848 1503 et
877 1465 1036 1503 moenia
1065 1464 1195 1503 Catili.

192 1526 314 1565 Siccis
343 1526 478 1565 omnia
506 1540 599 1565 narn
630 1527 729 1565 dura
757 1526 856 1565 deus
885 1527 1089 1576 proposuit
1117 1538 1249 1576 neque

194 1589 407 1627 Mordaces
435 1589 548 1628 aliter
576 1589 787 1639 diffugiunt
817 1589 1113 1627 sollicitudines.
1443 1606 1465 1635 4

192 1651 293 1700 Quis
322 1658 412 1700 post
440 1652 531 1690 vina
558 1664 715 1701 gravem
745 1651 923 1689 militiam
952 1658 1020 1689 aut
1048 1651 1275 1700 pauperiem
1303 1650 1466 1699 crepat?

192 1713 293 1762 Quis
315 1725 396 1751 non
417 1720 455 1752 te
476 1714 618 1763 potius,
643 1713 800 1751 Bacche
820 1720 940 1762 pater,
964 1719 1094 1763 teque,
1117 1713 1265 1751 decens
1287 1712 1454 1750 Venus?

191 1777 256 1823 At,
289 1787 340 1814 ne
369 1776 458 1825 quis
488 1776 635 1814 modici
665 1775 857 1813 transiliat
886 1787 1051 1813 munera
1082 1774 1225 1821 Liberi,

191 1839 416 1878 Centaurea
447 1844 582 1876 monet
611 1850 703 1875 curn
735 1837 913 1887 Lapithis
943 1837 1022 1874 rixa
1051 1848 1169 1886 super
1196 1847 1306 1874 mero

192 1899 412 1948 Debellata‚
445 1906 582 1938 monet
611 1899 802 1938 Sithoniis
831 1911 913 1937 non
943 1899 1037 1937 levis
1067 1898 1203 1945 Euius,

190 1963 295 2002 Cum
328 1962 383 2000 fas
412 1969 531 2012 atque
561 1962 670 2000 nefas
699 1962 840 2011 exiguo
870 1961 949 1999 fine
977 1960 1187 1999 libidinum
1424 1975 1464 1997 ιο

192 2026 434 2064 Discernunt
462 2024 577 2062 avidi.
641 2023 735 2061 Non
765 2035 839 2073 ego
868 2030 917 2070 te,
949 2022 1119 2060 candide
1149 2023 1354 2067 Bassareu,

192 2088 366 2125 Invitum
398 2087 573 2136 quatiam
604 2098 678 2124 nec
708 2085 821 2123 variis
850 2083 979 2123 obsita
1008 2082 1214 2122 frondibus

190 2149 272 2188 Sub
302 2149 437 2187 divum
468 2149 629 2198 rapiam.
688 2148 812 2186 Saeva
841 2154 932 2185 tene
962 2159 1051 2184 cum
1083 2146 1319 2195 ‘Berecyntio

190 2213 325 2251 Cornu
355 2219 552 2261 tympana,
585 2223 687 2260 quae
717 2209 969 2258 subsequitur
999 2221 1141 2247 caecus
1172 2209 1296 2246 Amor
1324 2207 1395 2251 sui,

191 2274 242 2312 Et
271 2274 413 2311 tollens
443 2285 609 2310 vacuum
641 2273 728 2321 plus
758 2272 882 2308 nimio
911 2272 1047 2309 Gloria
1076 2271 1273 2316 verticem,
1422 2284 1459 2318 15

191 2335 415 2387 Arcanique
446 2334 563 2372 Fides
593 2334 755 2386 prodiga
785 2333 1021 2386 perlucidior
1048 2333 1159 2375 vitro.
