1592 2592
582 191 712 224 Boox
745 190 794 222 11.
832 192 893 231 17,
932 179 994 220 18.
1366 195 1418 234 45

322 302 505 354 Largiora
533 300 675 351 flagito,

373 364 475 404 Satis
503 364 641 402 beatus
669 361 796 401 unicis
824 359 994 400 Sabinis.

319 428 509 471 Truditur
535 426 620 465 dies
648 424 723 471 die,
1380 434 1418 467 ¹5

376 491 593 539 Novaeque
620 492 787 537 pergunt
815 484 973 524 interire
1001 485 1151 522 Lunae.

321 555 386 592 Tu
413 551 586 591 secanda
613 561 808 588 marmora

375 616 502 654 Locas
529 612 604 652 sub
632 613 761 662 ipsum
789 610 918 656 funus,
949 616 988 648 et
1016 607 1183 658 sepulcri

323 678 540 716 Immemor
567 675 683 713 struis
711 674 855 712 domos

377 739 579 788 Marisque
607 737 714 776 Baiis
741 734 1005 786 obstrepentis
1033 745 1147 783 urges
1380 747 1423 770 20

322 803 579 842 Summovere
605 800 730 846 litora,

377 865 521 903 Parum
548 861 724 911 locuples
751 859 981 898 continente
1007 858 1102 908 ripa.

324 926 445 977 Quid,
475 925 586 976 quod
614 935 739 974 usque
767 922 966 972 proximos

378 987 551 1027 Revellis
578 986 658 1036 agri
687 985 876 1024 terminos
904 990 943 1023 et
971 983 1072 1021 ultra

325 1051 489 1090 Limites
516 1049 718 1087 clientium
1381 1059 1422 1091 2⁵

378 1113 477 1152 Salis
504 1111 670 1150 avarus?
726 1109 888 1148 Pellitur
913 1115 1098 1159 paternos

326 1177 376 1215 In
403 1175 493 1214 sinu
520 1174 648 1213 serens
678 1173 787 1210 Deos

378 1239 431 1276 Et
458 1249 555 1275 uxor
582 1243 621 1275 et
648 1235 706 1273 vir
733 1234 997 1283 sordidosque
1025 1239 1152 1271 natos·

325 1301 446 1340 Nulla
472 1298 612 1337 certior
639 1305 772 1336 tamen

380 1361 551 1412 Rapacis
579 1359 673 1399 Orci
702 1359 782 1397 fine
809 1357 1006 1396 destinata
1380 1370 1424 1401 30

326 1425 430 1463 Aula
457 1423 620 1462 divitem
649 1428 783 1459 manet

381 1487 547 1523 Herum.
603 1482 713 1532 Quid
741 1482 840 1520 ultra
867 1481 1023 1519 tendis?
1079 1481 1220 1529 Aequa
1249 1479 1365 1517 tellus

328 1546 495 1597 Pauperi
523 1545 735 1584 recluditur

382 1613 618 1661 Regumque
646 1609 788 1659 pueris,
818 1620 892 1647 nec
920 1607 1075 1646 satelles
1104 1606 1196 1645 Orci

329 1674 528 1714 Callidum
557 1671 794 1710 Promethea
1385 1682 1424 1714 35

384 1735 549 1774 Revexit
577 1746 672 1773 auro
700 1740 850 1783 captus.
910 1733 991 1770 Hic
1019 1730 1235 1780 superbum

330 1799 542 1837 Tantalum
569 1804 689 1847 atque
717 1795 874 1834 Tantali

383 1862 521 1900 Genus
548 1861 728 1906 coercet3
765 1858 830 1896 hic
857 1857 985 1896 levare
1012 1856 1192 1894 functum

331 1925 549 1973 Pauperem
576 1920 776 1960 laboribus

384 1986 559 2023 Vocatus
587 1990 707 2034 atque
734 1994 815 2021 non
843 1987 1006 2019 vocatus
1032 1979 1155 2018 audit.
1384 1995 1428 2024 40
