1592 2592
563 175 691 206 BOOK
727 175 756 205 1.
779 177 906 216 9-12.
1332 176 1388 216 39

579 337 821 377 CARMEN
851 337 924 375 XI.

574 444 631 471 AD
661 443 927 471 LEUCONOEN.

123 529 191 568 TU
219 541 271 568 ne
297 529 520 579 quaesieris,
552 529 650 567 scire
678 528 798 576 nefas,
830 540 948 578 quem
979 528 1089 576 mihi,
1119 540 1237 578 quem
1267 527 1339 566 tibi

125 591 264 629 Finem
292 590 334 629 di
361 591 553 638 dederint,
586 591 809 636 Leuconoe,
840 602 914 628 nec
944 589 1186 639 Babylonios

123 652 304 691 Tentaris
332 665 530 691 numeros.
585 654 643 693 Ut
670 652 822 699 melius,
852 652 1049 702 quidquid
1076 653 1158 699 erit,
1189 652 1294 701 pati!

123 715 202 753 Seu
229 716 358 765 plures
385 714 536 752 hiemes
563 726 633 752 seu
660 713 795 752 tribuit
825 714 1003 763 Iuppiter
1029 714 1220 760 ultimam,

125 777 240 825 Quae
268 788 374 814 nunc
402 777 594 825 oppositis
622 775 801 815 debilitat
830 774 1054 825 pumicibus
1082 787 1189 813 mare
1363 791 1381 822 5

123 837 383 888 Tyrrhenum,
414 838 553 887 sapias,
584 838 675 876 vina
703 837 830 887 liques
859 844 898 875 et
927 837 1055 886 spatio
1082 835 1191 875 brevi

124 898 244 947 Spem
272 897 430 947 longam
458 909 621 935 reseces.
682 898 790 935 Dum
819 897 1028 946 loquimur,
1058 896 1198 946 fugerit
1227 896 1360 935 invida

124 961 256 998 Aetas.
312 957 442 1006 Carpe
469 955 576 995 diem
605 969 725 1007 quam
754 955 964 994 minimum
992 954 1154 994 credula
1181 962 1351 1005 postero.

568 1142 728 1182 CARM
734 1142 810 1180 EN
836 1142 936 1181 XII.

585 1248 642 1275 AD
670 1248 912 1276 AUGUSTUM.

282 2011 356 2046 clio,
371 2012 420 2039 the
433 2013 516 2039 Muse
527 2012 560 2039 of
570 2011 697 2045 History,
713 2011 834 2046 holding
865 2020 974 2047 apyrus
986 2012 1040 2039 mn
1052 2011 1086 2039 of
1094 2010 1219 2042 recor-ds,

538 2045 589 2071 her
601 2044 763 2072 distinctive
775 2053 840 2071 mar
875 2046 902 2071 in
914 2050 968 2072 art.

232 2132 364 2180 QUEM
393 2124 518 2168 virum
546 2137 613 2168 aut
641 2130 761 2168 heroa
788 2130 868 2179 lyra
894 2130 957 2167 vel
984 2129 1063 2167 acri

232 2192 349 2230 Tibia
376 2192 497 2230 sumis
524 2190 732 2235 celebrare,
761 2191 879 2231 Clio?

232 2252 364 2301 Quem
393 2251 544 2289 deum?
601 2250 724 2289 Cuius
752 2250 899 2289 recinet
927 2250 1061 2288 iocosa

340 2313 498 2350 Nomen
526 2312 656 2361 imago
