1592 2592
180 164 230 203 50

520 162 616 191 THE
653 162 775 192 ODES
810 162 871 191 OF
907 161 1114 192 HORACE.

341 261 575 301 Caecubum
603 267 642 300 et
671 261 781 311 prelo
809 261 1002 300 domitam
1031 262 1186 301 Caleno

343 325 406 362 Tu
436 323 551 362 bibes
576 336 717 362 uvam:
746 336 835 363 mea
863 336 938 362 nec
967 324 1156 363 Falernae
1411 338 1453 362 10

340 387 583 435 Temperant
611 386 710 424 vites
739 398 869 436 neque
899 386 1100 424 Formiani

449 449 598 486 Pocula
625 448 758 488 colles.

626 630 870 670 CARMEN
898 631 1011 669 XXI.

512 739 557 765 m
587 738 756 765 DIANAM
787 738 840 765 ET
867 737 1127 765 APOLLINEM.

344 825 523 862 DIANAM
552 830 712 862 tenerae
740 823 861 862 dicite
890 822 1069 872 virgines,

345 888 567 933 Intonsum,
599 885 721 935 pueri,
753 885 874 923 dicite
903 884 1135 935 Cynthium,

401 950 676 998 Latonamque
704 959 892 997 supremo

454 1011 650 1049 Dilectam
679 1010 838 1060 penitus
868 1009 965 1048 Iovi.

344 1074 428 1111 Vos
457 1074 599 1111 laetam
629 1072 756 1110 fluviis
786 1079 825 1110 et
854 1083 1062 1110 nemorum
1091 1082 1219 1116 coma,
1433 1086 1451 1118 5

345 1136 622 1184 Quaecunque
649 1141 717 1172 aut
745 1133 877 1184 gelido
904 1133 1103 1183 prominet
1131 1131 1289 1181 Algido,

400 1197 530 1246 Nigris
557 1203 626 1234 aut
656 1195 889 1246 Erymanthi

452 1259 566 1297 Silvis
594 1266 662 1297 aut
691 1258 825 1296 viridis
854 1258 995 1308 Cragi;

345 1324 428 1360 Vos
458 1323 611 1372 Tempe
640 1321 808 1360 totidem
836 1321 961 1359 tollite
989 1318 1174 1358 laudibus

346 1385 621 1434 Natalemque‚
653 1396 791 1430 mares,
823 1383 955 1421 Delon
984 1382 1193 1431 Apollinis,
1414 1397 1453 1418 ιο

401 1448 684 1497 Insignemque
714 1446 893 1496 pharetra

457 1511 722 1559 Fraternaque
751 1520 932 1546 umerum
960 1507 1052 1556 lyra.

348 1574 429 1611 Hic
458 1572 607 1611 bellum
636 1571 900 1616 lacrimosum,
931 1569 996 1607 hic
1023 1569 1206 1606 miseram
1235 1568 1381 1605 famem

348 1637 586 1684 Pestemque
614 1647 637 1672 a
667 1633 816 1683 populo
845 1638 885 1670 et
913 1631 1090 1680 principe
1118 1631 1289 1670 Caesare
1317 1629 1358 1666 in

401 1698 539 1735 Persas
568 1702 688 1745 atque
719 1695 929 1733 Britannos
1415 1705 1452 1739 ¹5

454 1760 596 1797 Vestra
625 1765 758 1796 motus
786 1763 875 1806 aget
903 1767 1032 1804 prece.

612 1936 856 1977 CARMEN
885 1935 1021 1974 XXII.

566 2046 622 2072 AD
653 2043 860 2071 ARISTIUM
892 2041 1072 2069 Fuscum,

351 2133 543 2169 INTEGER
574 2131 675 2167 vitae
707 2127 943 2177 scelerisque
971 2137 1091 2175 purus

351 2194 443 2231 Non
473 2199 561 2243 eget
592 2190 742 2229 Mauris
773 2188 908 2227 iaculis
937 2199 1068 2236 neque
1094 2198 1187 2224 arcu

352 2256 437 2293 Nec
466 2253 669 2293 venenatis
698 2251 857 2303 gravida
886 2249 1044 2299 sagittis,

461 2318 597 2362 Fusce‚
629 2315 819 2364 pharetra,
