1592 2592
596 198 725 229 BOOK
761 197 808 228 11.
843 201 882 240 3,
917 200 957 239 4.
1366 202 1415 239 27

358 296 472 343 ‘Dum
502 315 561 342 res
590 310 629 342 et
657 309 764 341 aetas
793 309 831 341 et
860 302 1048 340 Sororum
1125 311 1129 317 ·
1372 314 1410 347 ¹5

417 366 501 404 Fila
529 366 644 404 trium
673 365 875 415 patiuntur
902 370 995 402 atra.

309 429 440 469 Cedes
468 428 660 477 coemptis
679 426 844 465 saltibus
873 434 911 465 et
941 426 1064 464 domo

309 490 503 541 Villaque,
534 490 655 528 flavus
685 502 804 540 quam
835 487 991 527 Tiberis
1020 487 1126 534 lavit,

363 552 504 599 Cedes‚
536 559 574 590 et
604 552 808 591 exstructis
837 551 878 589 in
907 551 1031 588 altum

419 614 575 653 Divitiis
603 615 776 664 potietur
804 614 928 652 heres.
1368 627 1409 648 20

313 678 487 715 Divesne
517 677 645 726 prisco
674 683 790 714 natus
816 675 869 714 ab
899 675 1062 721 Inacho,

310 740 378 778 Nil
406 740 578 787 interest,
608 752 660 777 an
689 751 837 789 pauper
865 745 904 777 et
934 738 1071 776 infima

365 803 429 840 De
455 809 572 852 gente
601 802 676 840 sub
705 802 797 840 divo
825 801 998 847 moreris,

419 863 590 902 Victima
619 865 674 902 nil
703 864 922 902 miserantis
951 862 1055 902 Orci.

310 926 463 966 Omnes
492 927 635 965 eodem
664 927 850 976 cogimur,
881 926 1061 964 omnium
1372 939 1410 971 25

311 989 498 1027 Versatur
526 1001 623 1026 urna
652 989 774 1027 serius
803 988 913 1026 ocius

365 1051 456 1089 Sors
486 1051 634 1089 exitura
662 1058 701 1089 et
730 1052 803 1089 nos
831 1051 872 1088 in
900 1057 1104 1088 aeternum

420 1114 612 1152 Exsilium
645 1114 874 1163 impositura
903 1112 1084 1151 cumbae.

604 1269 847 1308 CARMEN
877 1269 949 1307 IV.

500 1363 557 1389 AD
585 1362 814 1389 XANTHIAM
842 1361 1060 1390 PHOCEUM.

284 2078 452 2114 Crouching
465 2078 572 2114 Figure
583 2079 616 2105 of
626 2077 1034 2138 Εὲιίῇίεξῦΐέεἶὲεῑεγὼοε
1047 2078 1074 2104 in
1086 2078 1163 2105 Vase
1178 2078 1282 2113 Room,

372 2180 440 2217 NE
468 2180 517 2218 sit
544 2180 709 2218 ancillae
737 2179 809 2218 tibi
838 2192 949 2217 amor
976 2179 1129 2229 pudori,

371 2241 545 2279 Xanthia
574 2242 759 2280 Phoceu!
799 2242 910 2279 Prius
939 2242 1173 2279 insolentem

372 2304 490 2342 Serva
520 2303 664 2341 Briseis
692 2303 809 2341 niveo
838 2303 970 2341 colore

481 2365 611 2402 Movit
638 2365 833 2402 Achillem
852 2378 861 2410 ;
