1592 2592
574 151 703 182 noox
738 152 767 182 1.
792 155 891 194 5-7.
1324 152 1377 192 35

218 250 318 297 Nos,
343 250 528 300 Agrippa,
558 262 688 300 neque
715 250 814 289 haec
840 250 982 297 dicere,
1014 262 1089 288 nec
1115 262 1273 300 gravem
1357 266 1375 298 5

219 312 381 351 Pelidae
408 313 657 351 stomachum
686 313 829 352 cedere
857 312 991 359 nescii,

220 374 307 413 Nec
334 386 472 413 cursus
499 375 668 424 duplicis
697 387 766 425 per
793 387 901 413 mare
930 374 1073 422 Ulixei,

378 436 466 474 Nec
491 448 648 475 saevam
677 437 835 487 Pelopis
862 436 1028 475 domum

217 497 430 545 Conamur,
460 505 599 537 tenues
625 499 800 549 grandia,
830 499 927 537 dum
956 498 1087 548 pudor

219 558 475 610 Imbellisque
502 560 607 609 lyrae
636 561 756 599 Musa
783 567 925 610 potens
952 567 1059 598 vetat
1337 575 1377 597 10

220 621 377 660 Laudoe
404 621 548 672 egregii
577 622 757 662 Caesaris
784 629 824 661 et
851 629 940 660 tuas

379 683 510 733 Culpa
537 683 714 723 deterere
742 684 887 734 ingeni.

218 745 320 794 Quis
349 745 520 784 Martem
549 746 683 784 tunica
711 753 860 784 tectum
887 746 1142 785 adamantina

218 806 349 856 Digne
375 807 601 856 scripserit?
627 814 696 845 aut
724 808 883 856 pulvere
911 807 1056 845 Troico

217 868 383 919 Nigrum
414 869 654 907 Merionen?
679 875 748 907 aut
775 881 853 919 ope
881 869 1052 907 Palladis
1336 884 1373 916 15

375 930 560 980 Tydiden
587 931 738 981 superis
765 933 928 980 parem?

219 991 306 1030 Nos
332 992 523 1039 convivia,
555 1005 628 1031 nos
656 993 804 1042 proelia
830 993 1022 1042 virginum

215 1053 341 1092 Sectis
368 1054 409 1091 in
437 1054 597 1092 iuvenes
625 1053 823 1105 unguibus
849 1055 997 1093 acrium

216 1115 433 1155 Cantamus
460 1116 573 1153 vacui
601 1116 683 1154 sive
710 1116 807 1166 quid
835 1117 994 1163 urimur,

378 1177 471 1215 Non
498 1184 652 1227 praeter
678 1177 837 1217 solitum
864 1178 983 1216 leves.
1335 1194 1375 1216 20

551 1419 795 1459 CARMEN
823 1420 919 1458 VII.

422 1525 479 1551 AD
509 1525 544 1552 L.
576 1525 811 1553 MUNATmM
840 1526 1054 1554 PLANCUM.

111 1609 372 1647 LAUDABUNT
398 1608 463 1646 alii
492 1609 636 1647 claram
666 1609 843 1648 Rhodon
871 1618 938 1648 aut
969 1611 1202 1660 Mytilenen,

216 1671 297 1708 Aut
326 1671 516 1720 Epheson
545 1669 755 1709 bimarisve
782 1672 966 1710 Corinthi

111 1732 284 1779 Moenia,
315 1733 377 1771 vel
405 1732 565 1771 Baccho
593 1732 754 1772 Thebas
781 1734 844 1772 vel
872 1735 1060 1783 Apolline
1080 1735 1262 1784 Delphos

216 1793 397 1842 Insignes
424 1801 492 1832 aut
520 1794 711 1832 Thessala
739 1796 906 1844 Tempe.

108 1857 220 1902 Sunt,
250 1857 394 1906 quibus
422 1870 546 1896 unum
574 1871 675 1908 opus
703 1866 762 1897 est
790 1859 960 1898 intactae
989 1860 1161 1899 Palladis
1190 1861 1330 1899 urbem
1351 1878 1368 1908 5

216 1919 401 1958 Carmine
428 1927 619 1969 perpetuo
647 1921 855 1969 celebrare,
885 1928 925 1960 et

108 1981 300 2030 Undique
327 1982 552 2031 decerptam
582 1983 697 2021 fronti
726 1995 968 2033 praeponere
994 1984 1152 2023 olivam.

214 2043 409 2082 Plurimus
437 2043 478 2081 in
508 2044 674 2083 Iunonis
702 2044 894 2084 honorem

107 2104 258 2153 Aptum
286 2104 391 2142 dicet
418 2105 530 2154 equis
557 2106 684 2155 Argos
712 2106 892 2156 ditesque
922 2107 1123 2156 Mycenas.

214 2166 285 2203 Me
312 2178 387 2204 nec
413 2173 494 2204 tam
521 2167 674 2216 patiens
703 2168 980 2207 Lacedaemon
1329 2185 1368 2207 ιο

108 2227 195 2264 Nec
221 2233 302 2264 tam
331 2228 507 2267 Larissae
534 2230 725 2278 percussit
752 2242 916 2279 campus
944 2231 1112 2279 opimae,

212 2288 345 2337 Quam
373 2289 516 2328 domus
543 2290 750 2330 Albuneae
776 2293 996 2330 resonantis
