<?xml version="1.0" encoding="UTF-8"?>
<!DOCTYPE html PUBLIC "-//W3C//DTD XHTML 1.0 Transitional//EN"
    "http://www.w3.org/TR/xhtml1/DTD/xhtml1-transitional.dtd">
<html xmlns="http://www.w3.org/1999/xhtml" xml:lang="en" lang="en">
 <head>
  <title>
</title>
<meta http-equiv="Content-Type" content="text/html;charset=utf-8" />
  <meta name='ocr-system' content='tesseract 3.04.00' />
  <meta name='ocr-capabilities' content='ocr_page ocr_carea ocr_par ocr_line ocrx_word'/>
</head>
<body>
  <div class='ocr_page' id='page_1' title='image "./odesofhoracebook01horauoft_0069.png"; bbox 0 0 1592 2592; ppageno 0'>
   <div class='ocr_carea' id='block_1_1' title="bbox 575 175 942 218">
    <p class='ocr_par' dir='ltr' id='par_1_1' title="bbox 575 175 942 218">
     <span class='ocr_line' id='line_1_1' title="bbox 575 175 942 218; baseline 0 -13"><span class='ocrx_word' id='word_1_1' title='bbox 575 175 702 206; x_wconf 83' lang='lat' dir='ltr'>BOOK</span> <span class='ocrx_word' id='word_1_2' title='bbox 738 176 766 205; x_wconf 89' lang='lat'>1.</span> <span class='ocrx_word' id='word_1_3' title='bbox 790 179 852 218; x_wconf 85' lang='lat'>34,</span> <span class='ocrx_word' id='word_1_4' title='bbox 877 178 942 218; x_wconf 85' lang='lat'>35.</span> 
     </span>
    </p>
   </div>
   <div class='ocr_carea' id='block_1_2' title="bbox 297 274 1179 511">
    <p class='ocr_par' dir='ltr' id='par_1_2' title="bbox 297 274 1179 511">
     <span class='ocr_line' id='line_1_2' title="bbox 299 274 1074 326; baseline -0.003 -11"><span class='ocrx_word' id='word_1_5' title='bbox 299 277 456 316; x_wconf 83' lang='lat' dir='ltr'><strong>Mutare</strong></span> <span class='ocrx_word' id='word_1_6' title='bbox 482 282 523 314; x_wconf 91' lang='lat' dir='ltr'>et</span> <span class='ocrx_word' id='word_1_7' title='bbox 549 276 743 326; x_wconf 86' lang='lat' dir='ltr'>insignem</span> <span class='ocrx_word' id='word_1_8' title='bbox 770 281 948 313; x_wconf 89' lang='lat' dir='ltr'>attenuat</span> <span class='ocrx_word' id='word_1_9' title='bbox 975 274 1074 313; x_wconf 89' lang='lat' dir='ltr'>deus</span> 
     </span>
     <span class='ocr_line' id='line_1_3' title="bbox 297 337 1179 388; baseline -0.003 -11"><span class='ocrx_word' id='word_1_10' title='bbox 297 337 479 378; x_wconf 85' lang='lat' dir='ltr'><strong>Obscura</strong></span> <span class='ocrx_word' id='word_1_11' title='bbox 506 349 719 388; x_wconf 84' lang='lat' dir='ltr'>promens;</span> <span class='ocrx_word' id='word_1_12' title='bbox 757 337 850 375; x_wconf 87' lang='lat' dir='ltr'>hinc</span> <span class='ocrx_word' id='word_1_13' title='bbox 877 337 1030 387; x_wconf 86' lang='lat' dir='ltr'>apicem</span> <span class='ocrx_word' id='word_1_14' title='bbox 1061 349 1179 386; x_wconf 88' lang='lat' dir='ltr'>rapax</span> 
     </span>
     <span class='ocr_line' id='line_1_4' title="bbox 353 399 986 438; baseline -0.002 0"><span class='ocrx_word' id='word_1_15' title='bbox 353 400 526 438; x_wconf 87' lang='lat' dir='ltr'>Fortuna</span> <span class='ocrx_word' id='word_1_16' title='bbox 555 412 646 437; x_wconf 89' lang='lat' dir='ltr'>cum</span> <span class='ocrx_word' id='word_1_17' title='bbox 675 399 840 437; x_wconf 81' lang='lat' dir='ltr'><strong>stridore</strong></span> <span class='ocrx_word' id='word_1_18' title='bbox 867 406 986 437; x_wconf 88' lang='lat' dir='ltr'>acuto</span> 
     </span>
     <span class='ocr_line' id='line_1_5' title="bbox 394 461 1070 511; baseline -0.003 -11"><span class='ocrx_word' id='word_1_19' title='bbox 394 461 581 510; x_wconf 84' lang='lat' dir='ltr'>Sustulit,</span> <span class='ocrx_word' id='word_1_20' title='bbox 612 461 677 499; x_wconf 93' lang='lat' dir='ltr'>hic</span> <span class='ocrx_word' id='word_1_21' title='bbox 705 461 884 511; x_wconf 88' lang='lat' dir='ltr'>posuisse</span> <span class='ocrx_word' id='word_1_22' title='bbox 911 461 1070 510; x_wconf 89' lang='lat' dir='ltr'>gaudet.</span> 
     </span>
    </p>
   </div>
   <div class='ocr_carea' id='block_1_3' title="bbox 548 805 987 955">
    <p class='ocr_par' dir='ltr' id='par_1_3' title="bbox 548 805 987 955">
     <span class='ocr_line' id='line_1_6' title="bbox 548 805 987 845; baseline -0.002 0"><span class='ocrx_word' id='word_1_23' title='bbox 548 805 792 845; x_wconf 91' lang='lat' dir='ltr'>CARMEN</span> <span class='ocrx_word' id='word_1_24' title='bbox 819 805 987 844; x_wconf 91' lang='lat' dir='ltr'><strong>XXXV.</strong></span> 
     </span>
     <span class='ocr_line' id='line_1_7' title="bbox 604 927 934 955; baseline 0 -1"><span class='ocrx_word' id='word_1_25' title='bbox 604 928 661 954; x_wconf 83' lang='lat' dir='ltr'>AD</span> <span class='ocrx_word' id='word_1_26' title='bbox 691 927 934 955; x_wconf 64' lang='lat' dir='ltr'>Fon-rmum.</span> 
     </span>
    </p>
   </div>
   <div class='ocr_carea' id='block_1_4' title="bbox 297 1029 1144 1822">
    <p class='ocr_par' dir='ltr' id='par_1_4' title="bbox 297 1029 1143 1511">
     <span class='ocr_line' id='line_1_8' title="bbox 299 1029 1124 1080; baseline -0.001 -12"><span class='ocrx_word' id='word_1_27' title='bbox 299 1029 338 1069; x_wconf 91' lang='grc' dir='ltr'>Ο</span> <span class='ocrx_word' id='word_1_28' title='bbox 366 1040 478 1078; x_wconf 60' lang='lat' dir='ltr'>Dura,</span> <span class='ocrx_word' id='word_1_29' title='bbox 508 1035 660 1080; x_wconf 90' lang='lat' dir='ltr'>gratum</span> <span class='ocrx_word' id='word_1_30' title='bbox 689 1041 791 1078; x_wconf 90' lang='lat' dir='ltr'>quae</span> <span class='ocrx_word' id='word_1_31' title='bbox 819 1029 919 1079; x_wconf 89' lang='lat' dir='ltr'>regis</span> <span class='ocrx_word' id='word_1_32' title='bbox 947 1029 1124 1076; x_wconf 87' lang='lat' dir='ltr'>Antium,</span> 
     </span>
     <span class='ocr_line' id='line_1_9' title="bbox 298 1091 1088 1141; baseline -0.001 -11"><span class='ocrx_word' id='word_1_33' title='bbox 298 1092 488 1130; x_wconf 88' lang='lat' dir='ltr'>Praesens</span> <span class='ocrx_word' id='word_1_34' title='bbox 515 1092 578 1130; x_wconf 88' lang='lat' dir='ltr'>vel</span> <span class='ocrx_word' id='word_1_35' title='bbox 607 1092 688 1130; x_wconf 90' lang='lat' dir='ltr'>imo</span> <span class='ocrx_word' id='word_1_36' title='bbox 716 1091 857 1130; x_wconf 92' lang='lat' dir='ltr'>tollere</span> <span class='ocrx_word' id='word_1_37' title='bbox 884 1091 936 1130; x_wconf 93' lang='lat' dir='ltr'>de</span> <span class='ocrx_word' id='word_1_38' title='bbox 964 1091 1088 1141; x_wconf 86' lang='lat' dir='ltr'>gradu</span> 
     </span>
     <span class='ocr_line' id='line_1_10' title="bbox 353 1152 1003 1202; baseline 0 -11"><span class='ocrx_word' id='word_1_39' title='bbox 353 1153 523 1192; x_wconf 90' lang='lat' dir='ltr'>Mortale</span> <span class='ocrx_word' id='word_1_40' title='bbox 550 1165 693 1202; x_wconf 92' lang='lat' dir='ltr'>corpus</span> <span class='ocrx_word' id='word_1_41' title='bbox 721 1153 783 1191; x_wconf 90' lang='lat' dir='ltr'>vel</span> <span class='ocrx_word' id='word_1_42' title='bbox 811 1152 1003 1202; x_wconf 90' lang='lat' dir='ltr'>superbos</span> 
     </span>
     <span class='ocr_line' id='line_1_11' title="bbox 404 1214 1053 1264; baseline -0.002 -11"><span class='ocrx_word' id='word_1_43' title='bbox 404 1216 568 1253; x_wconf 90' lang='lat' dir='ltr'>Vertere</span> <span class='ocrx_word' id='word_1_44' title='bbox 595 1214 798 1253; x_wconf 86' lang='lat' dir='ltr'>funeribus</span> <span class='ocrx_word' id='word_1_45' title='bbox 822 1215 1053 1264; x_wconf 88' lang='lat' dir='ltr'>triumphos,</span> 
     </span>
     <span class='ocr_line' id='line_1_12' title="bbox 297 1276 1023 1327; baseline -0.001 -12"><span class='ocrx_word' id='word_1_46' title='bbox 297 1278 359 1315; x_wconf 93' lang='lat' dir='ltr'>Te</span> <span class='ocrx_word' id='word_1_47' title='bbox 386 1289 534 1327; x_wconf 91' lang='lat' dir='ltr'>pauper</span> <span class='ocrx_word' id='word_1_48' title='bbox 560 1276 684 1315; x_wconf 88' lang='lat' dir='ltr'>ambit</span> <span class='ocrx_word' id='word_1_49' title='bbox 713 1277 879 1315; x_wconf 89' lang='lat' dir='ltr'>sollicita</span> <span class='ocrx_word' id='word_1_50' title='bbox 907 1289 1023 1326; x_wconf 90' lang='lat' dir='ltr'>prece</span> 
     </span>
     <span class='ocr_line' id='line_1_13' title="bbox 298 1338 1143 1388; baseline 0 -12"><span class='ocrx_word' id='word_1_51' title='bbox 298 1339 416 1376; x_wconf 91' lang='lat' dir='ltr'>Ruris</span> <span class='ocrx_word' id='word_1_52' title='bbox 443 1339 619 1386; x_wconf 90' lang='lat' dir='ltr'>colonus,</span> <span class='ocrx_word' id='word_1_53' title='bbox 650 1345 690 1377; x_wconf 92' lang='lat' dir='ltr'>te</span> <span class='ocrx_word' id='word_1_54' title='bbox 718 1339 922 1377; x_wconf 91' lang='lat' dir='ltr'>dominam</span> <span class='ocrx_word' id='word_1_55' title='bbox 950 1338 1143 1388; x_wconf 87' lang='lat' dir='ltr'>aequoris,</span> 
     </span>
     <span class='ocr_line' id='line_1_14' title="bbox 351 1400 974 1450; baseline 0 -12"><span class='ocrx_word' id='word_1_56' title='bbox 351 1401 591 1450; x_wconf 89' lang='lat' dir='ltr'>Quicunque</span> <span class='ocrx_word' id='word_1_57' title='bbox 620 1400 792 1450; x_wconf 93' lang='lat' dir='ltr'>Bithyna</span> <span class='ocrx_word' id='word_1_58' title='bbox 820 1400 974 1439; x_wconf 88' lang='lat' dir='ltr'>lacessit</span> 
     </span>
     <span class='ocr_line' id='line_1_15' title="bbox 405 1462 1019 1511; baseline -0.003 -10"><span class='ocrx_word' id='word_1_59' title='bbox 405 1462 661 1511; x_wconf 88' lang='lat' dir='ltr'>Carpathium</span> <span class='ocrx_word' id='word_1_60' title='bbox 690 1462 850 1511; x_wconf 90' lang='lat' dir='ltr'>pelagus</span> <span class='ocrx_word' id='word_1_61' title='bbox 877 1462 1019 1500; x_wconf 85' lang='lat' dir='ltr'>carina.</span> 
     </span>
    </p>

    <p class='ocr_par' dir='ltr' id='par_1_5' title="bbox 297 1523 1144 1760">
     <span class='ocr_line' id='line_1_16' title="bbox 297 1523 1135 1572; baseline -0.001 -10"><span class='ocrx_word' id='word_1_62' title='bbox 297 1524 359 1562; x_wconf 93' lang='lat' dir='ltr'>Te</span> <span class='ocrx_word' id='word_1_63' title='bbox 388 1524 522 1561; x_wconf 90' lang='lat' dir='ltr'>Dacus</span> <span class='ocrx_word' id='word_1_64' title='bbox 548 1535 672 1572; x_wconf 89' lang='lat' dir='ltr'>asper,</span> <span class='ocrx_word' id='word_1_65' title='bbox 702 1530 742 1561; x_wconf 93' lang='lat' dir='ltr'>te</span> <span class='ocrx_word' id='word_1_66' title='bbox 770 1523 923 1572; x_wconf 87' lang='lat' dir='ltr'>profugi</span> <span class='ocrx_word' id='word_1_67' title='bbox 952 1523 1135 1572; x_wconf 86' lang='lat' dir='ltr'>Scythae,</span> 
     </span>
     <span class='ocr_line' id='line_1_17' title="bbox 299 1584 1144 1634; baseline -0.001 -11"><span class='ocrx_word' id='word_1_68' title='bbox 299 1584 511 1634; x_wconf 89' lang='lat' dir='ltr'>Urbesque</span> <span class='ocrx_word' id='word_1_69' title='bbox 536 1591 754 1634; x_wconf 87' lang='lat' dir='ltr'>gentesque</span> <span class='ocrx_word' id='word_1_70' title='bbox 782 1591 820 1622; x_wconf 93' lang='lat' dir='ltr'>et</span> <span class='ocrx_word' id='word_1_71' title='bbox 851 1585 1007 1622; x_wconf 90' lang='lat' dir='ltr'>Latium</span> <span class='ocrx_word' id='word_1_72' title='bbox 1036 1586 1144 1623; x_wconf 84' lang='lat' dir='ltr'>ferox</span> 
     </span>
     <span class='ocr_line' id='line_1_18' title="bbox 353 1644 1113 1696; baseline 0 -12"><span class='ocrx_word' id='word_1_73' title='bbox 353 1647 590 1696; x_wconf 91' lang='lat' dir='ltr'>Regumque</span> <span class='ocrx_word' id='word_1_74' title='bbox 617 1644 763 1684; x_wconf 85' lang='lat' dir='ltr'>matres</span> <span class='ocrx_word' id='word_1_75' title='bbox 790 1645 1046 1684; x_wconf 90' lang='lat' dir='ltr'>barbarorum</span> <span class='ocrx_word' id='word_1_76' title='bbox 1073 1653 1113 1684; x_wconf 91' lang='lat' dir='ltr'>et</span> 
     </span>
     <span class='ocr_line' id='line_1_19' title="bbox 408 1711 1002 1760; baseline 0 -12"><span class='ocrx_word' id='word_1_77' title='bbox 408 1711 596 1760; x_wconf 88' lang='lat' dir='ltr'>Purpurei</span> <span class='ocrx_word' id='word_1_78' title='bbox 624 1717 809 1749; x_wconf 88' lang='lat' dir='ltr'>metuunt</span> <span class='ocrx_word' id='word_1_79' title='bbox 837 1711 1002 1760; x_wconf 87' lang='lat' dir='ltr'>tyranni,</span> 
     </span>
    </p>

    <p class='ocr_par' dir='ltr' id='par_1_6' title="bbox 299 1773 894 1822">
     <span class='ocr_line' id='line_1_20' title="bbox 299 1773 894 1822; baseline -0.002 -11"><span class='ocrx_word' id='word_1_80' title='bbox 299 1773 495 1811; x_wconf 87' lang='lat' dir='ltr'>Iniurioso</span> <span class='ocrx_word' id='word_1_81' title='bbox 523 1785 574 1811; x_wconf 92' lang='lat' dir='ltr'>ne</span> <span class='ocrx_word' id='word_1_82' title='bbox 602 1773 705 1822; x_wconf 91' lang='lat' dir='ltr'>pede</span> <span class='ocrx_word' id='word_1_83' title='bbox 733 1783 894 1822; x_wconf 92' lang='lat' dir='ltr'>proruas</span> 
     </span>
    </p>
   </div>
   <div class='ocr_carea' id='block_1_5' title="bbox 298 1835 1249 1885">
    <p class='ocr_par' dir='ltr' id='par_1_7' title="bbox 298 1835 1249 1885">
     <span class='ocr_line' id='line_1_21' title="bbox 298 1835 1249 1885; baseline 0 -11"><span class='ocrx_word' id='word_1_84' title='bbox 298 1836 474 1874; x_wconf 88' lang='lat' dir='ltr'>Stantem</span> <span class='ocrx_word' id='word_1_85' title='bbox 502 1836 728 1874; x_wconf 84' lang='lat' dir='ltr'>columnam</span> <span class='ocrx_word' id='word_1_86' title='bbox 758 1847 836 1874; x_wconf 92' lang='lat' dir='ltr'>neu</span> <span class='ocrx_word' id='word_1_87' title='bbox 864 1836 1034 1885; x_wconf 91' lang='lat' dir='ltr'>populus</span> <span class='ocrx_word' id='word_1_88' title='bbox 1063 1835 1249 1885; x_wconf 90' lang='lat' dir='ltr'>frequens</span> 
     </span>
    </p>
   </div>
   <div class='ocr_carea' id='block_1_6' title="bbox 297 1897 1092 2191">
    <p class='ocr_par' dir='ltr' id='par_1_8' title="bbox 297 1897 1092 2191">
     <span class='ocr_line' id='line_1_22' title="bbox 351 1897 1004 1945; baseline 0.002 -11"><span class='ocrx_word' id='word_1_89' title='bbox 351 1897 416 1935; x_wconf 93' lang='lat' dir='ltr'>Ad</span> <span class='ocrx_word' id='word_1_90' title='bbox 444 1909 551 1935; x_wconf 90' lang='lat' dir='ltr'>arma</span> <span class='ocrx_word' id='word_1_91' title='bbox 578 1904 787 1945; x_wconf 88' lang='lat' dir='ltr'>cessantes,</span> <span class='ocrx_word' id='word_1_92' title='bbox 817 1898 869 1935; x_wconf 91' lang='lat' dir='ltr'>ad</span> <span class='ocrx_word' id='word_1_93' title='bbox 896 1910 1004 1935; x_wconf 86' lang='lat' dir='ltr'>arma</span> 
     </span>
     <span class='ocr_line' id='line_1_23' title="bbox 404 1959 1092 2009; baseline -0.001 -11"><span class='ocrx_word' id='word_1_94' title='bbox 404 1959 589 1998; x_wconf 89' lang='lat' dir='ltr'>Concitet</span> <span class='ocrx_word' id='word_1_95' title='bbox 616 1959 904 2009; x_wconf 87' lang='lat' dir='ltr'>imperiumque</span> <span class='ocrx_word' id='word_1_96' title='bbox 931 1960 1092 2009; x_wconf 88' lang='lat' dir='ltr'>frangat.</span> 
     </span>
     <span class='ocr_line' id='line_1_24' title="bbox 298 2022 1089 2071; baseline 0.001 -12"><span class='ocrx_word' id='word_1_97' title='bbox 298 2022 359 2059; x_wconf 90' lang='lat' dir='ltr'>Te</span> <span class='ocrx_word' id='word_1_98' title='bbox 381 2033 535 2071; x_wconf 91' lang='lat' dir='ltr'>semper</span> <span class='ocrx_word' id='word_1_99' title='bbox 560 2022 684 2059; x_wconf 88' lang='lat' dir='ltr'>anteit</span> <span class='ocrx_word' id='word_1_100' title='bbox 712 2034 826 2060; x_wconf 86' lang='lat' dir='ltr'>saeva</span> <span class='ocrx_word' id='word_1_101' title='bbox 856 2022 1089 2068; x_wconf 89' lang='lat' dir='ltr'>Necessitas,</span> 
     </span>
     <span class='ocr_line' id='line_1_25' title="bbox 297 2082 1027 2122; baseline 0 -1"><span class='ocrx_word' id='word_1_102' title='bbox 297 2082 441 2122; x_wconf 89' lang='lat' dir='ltr'>Clavos</span> <span class='ocrx_word' id='word_1_103' title='bbox 468 2082 636 2121; x_wconf 86' lang='lat' dir='ltr'>trabales</span> <span class='ocrx_word' id='word_1_104' title='bbox 664 2090 703 2121; x_wconf 93' lang='lat' dir='ltr'>et</span> <span class='ocrx_word' id='word_1_105' title='bbox 731 2095 880 2122; x_wconf 92' lang='lat' dir='ltr'>cuneos</span> <span class='ocrx_word' id='word_1_106' title='bbox 907 2095 1027 2121; x_wconf 91' lang='lat' dir='ltr'>manu</span> 
     </span>
     <span class='ocr_line' id='line_1_26' title="bbox 351 2145 945 2191; baseline -0.002 -8"><span class='ocrx_word' id='word_1_107' title='bbox 351 2145 520 2183; x_wconf 90' lang='lat' dir='ltr'>Gestans</span> <span class='ocrx_word' id='word_1_108' title='bbox 547 2146 656 2191; x_wconf 75' lang='lat' dir='ltr'>aena,</span> <span class='ocrx_word' id='word_1_109' title='bbox 687 2157 762 2182; x_wconf 89' lang='lat' dir='ltr'>nec</span> <span class='ocrx_word' id='word_1_110' title='bbox 789 2157 945 2183; x_wconf 90' lang='lat' dir='ltr'>severus</span> 
     </span>
    </p>
   </div>
   <div class='ocr_carea' id='block_1_7' title="bbox 403 2206 1230 2256">
    <p class='ocr_par' dir='ltr' id='par_1_9' title="bbox 403 2206 1230 2256">
     <span class='ocr_line' id='line_1_27' title="bbox 403 2206 1230 2256; baseline -0.002 -10"><span class='ocrx_word' id='word_1_111' title='bbox 403 2207 543 2246; x_wconf 91' lang='lat' dir='ltr'>Uncus</span> <span class='ocrx_word' id='word_1_112' title='bbox 570 2206 682 2244; x_wconf 92' lang='lat' dir='ltr'>abest</span> <span class='ocrx_word' id='word_1_113' title='bbox 709 2207 984 2256; x_wconf 90' lang='lat' dir='ltr'>liquidumque</span> <span class='ocrx_word' id='word_1_114' title='bbox 1011 2206 1230 2256; x_wconf 87' lang='lat' dir='ltr'>plumbum.</span> 
     </span>
    </p>
   </div>
   <div class='ocr_carea' id='block_1_8' title="bbox 297 2263 1048 2314">
    <p class='ocr_par' dir='ltr' id='par_1_10' title="bbox 297 2263 1048 2314">
     <span class='ocr_line' id='line_1_28' title="bbox 297 2263 1048 2314; baseline -0.001 -11"><span class='ocrx_word' id='word_1_115' title='bbox 297 2266 357 2303; x_wconf 94' lang='lat' dir='ltr'>Te</span> <span class='ocrx_word' id='word_1_116' title='bbox 384 2265 481 2314; x_wconf 91' lang='lat' dir='ltr'>Spes</span> <span class='ocrx_word' id='word_1_117' title='bbox 509 2272 548 2303; x_wconf 90' lang='lat' dir='ltr'>et</span> <span class='ocrx_word' id='word_1_118' title='bbox 576 2263 668 2302; x_wconf 92' lang='lat' dir='ltr'>albo</span> <span class='ocrx_word' id='word_1_119' title='bbox 696 2277 780 2302; x_wconf 89' lang='lat' dir='ltr'>rara</span> <span class='ocrx_word' id='word_1_120' title='bbox 810 2265 927 2303; x_wconf 88' lang='lat' dir='ltr'>Fides</span> <span class='ocrx_word' id='word_1_121' title='bbox 955 2266 1048 2303; x_wconf 90' lang='lat' dir='ltr'>colit</span> 
     </span>
    </p>
   </div>
   <div class='ocr_carea' id='block_1_9' title="bbox 293 2326 1127 2424">
    <p class='ocr_par' dir='ltr' id='par_1_11' title="bbox 293 2326 1127 2424">
     <span class='ocr_line' id='line_1_29' title="bbox 297 2326 1127 2376; baseline 0.001 -13"><span class='ocrx_word' id='word_1_122' title='bbox 297 2327 437 2365; x_wconf 91' lang='lat' dir='ltr'>Velata</span> <span class='ocrx_word' id='word_1_123' title='bbox 465 2339 600 2375; x_wconf 88' lang='lat' dir='ltr'>panno</span> <span class='ocrx_word' id='word_1_124' title='bbox 629 2339 703 2364; x_wconf 91' lang='lat' dir='ltr'>nec</span> <span class='ocrx_word' id='word_1_125' title='bbox 732 2327 917 2364; x_wconf 87' lang='lat' dir='ltr'>comitem</span> <span class='ocrx_word' id='word_1_126' title='bbox 946 2326 1127 2376; x_wconf 85' lang='lat' dir='ltr'>abnegat,</span> 
     </span>
     <span class='ocr_line' id='line_1_30' title="bbox 293 2388 422 2424; baseline -0.016 0"><span class='ocrx_word' id='word_1_127' title='bbox 293 2388 422 2424; x_wconf 75' lang='lat'><strong>(¹⁵⁰⁶)</strong></span> 
     </span>
    </p>
   </div>
   <div class='ocr_carea' id='block_1_10' title="bbox 1344 167 1394 204">
    <p class='ocr_par' dir='ltr' id='par_1_12' title="bbox 1344 167 1394 204">
     <span class='ocr_line' id='line_1_31' title="bbox 1344 167 1394 204; baseline 0 0"><span class='ocrx_word' id='word_1_128' title='bbox 1344 167 1394 204; x_wconf 87' lang='lat'>61</span> 
     </span>
    </p>
   </div>
   <div class='ocr_carea' id='block_1_11' title="bbox 1358 1600 1399 1622">
    <p class='ocr_par' dir='ltr' id='par_1_13' title="bbox 1358 1600 1399 1622">
     <span class='ocr_line' id='line_1_32' title="bbox 1358 1600 1399 1622; baseline 0 0"><span class='ocrx_word' id='word_1_129' title='bbox 1358 1600 1399 1622; x_wconf 93' lang='lat'>10</span> 
     </span>
    </p>
   </div>
   <div class='ocr_carea' id='block_1_12' title="bbox 1360 1914 1396 1946">
    <p class='ocr_par' dir='ltr' id='par_1_14' title="bbox 1360 1914 1396 1946">
     <span class='ocr_line' id='line_1_33' title="bbox 1360 1914 1396 1946; baseline 0 0"><span class='ocrx_word' id='word_1_130' title='bbox 1360 1914 1396 1946; x_wconf 86' lang='lat'>15</span> 
     </span>
    </p>
   </div>
   <div class='ocr_carea' id='block_1_13' title="bbox 1359 2222 1399 2244">
    <p class='ocr_par' dir='ltr' id='par_1_15' title="bbox 1359 2222 1399 2244">
     <span class='ocr_line' id='line_1_34' title="bbox 1359 2222 1399 2244; baseline 0.025 -1"><span class='ocrx_word' id='word_1_131' title='bbox 1359 2222 1399 2244; x_wconf 80' lang='lat'>20</span> 
     </span>
    </p>
   </div>
  </div>
 </body>
</html>
