1592 2592
586 155 715 185 Βοοκ
749 155 777 186 1.
803 146 956 198 υἱὲ-31.

311 255 416 296 Cum
443 262 487 294 tu
514 257 720 306 coemptos
747 255 925 305 undique
954 255 1099 294 nobilis

312 317 454 356 Libros
482 318 655 365 Panaeti,
686 318 925 356 Socraticam
953 325 994 356 et
1021 318 1186 356 domum

361 379 519 417 Mutare
546 379 676 417 loricis
707 378 880 426 Hiberis,

420 441 621 479 Pollicitus
649 441 822 488 meliora,
852 441 1012 480 tendis?

580 621 822 660 CARMEN
851 623 981 661 XXX.

624 728 680 755 AD
707 728 925 756 VENEREM.

311 811 350 851 Ο
377 812 540 858 VERUS,
567 813 700 862 regina
729 813 848 851 Cnidi
878 814 1095 863 Paphique,

311 874 461 922 Sperne
487 874 672 912 dilectam
702 875 861 924 Cypron
890 884 929 913 et
958 876 1134 914 vocantis

310 935 446 974 Thure
472 942 512 974 te
539 937 667 974 multo
694 937 884 986 Glycerae
910 937 1096 975 decoram

418 997 604 1036 Transfer
631 998 672 1035 in
699 998 851 1036 aedem.

312 1057 500 1096 Fervidus
528 1065 661 1097 tecum
688 1072 787 1109 puer
812 1066 853 1098 et
879 1061 1018 1099 solutis

310 1119 471 1158 Gratiae
498 1121 607 1159 zonis
634 1129 925 1171 properentque
955 1124 1165 1172 Nymphae

314 1180 366 1218 Et
394 1193 531 1230 parum
559 1183 684 1221 comis
712 1184 797 1221 sine
825 1190 865 1221 te
894 1185 1081 1222 Iuventas

419 1243 727 1294 Mercuriusque.

569 1423 811 1462 CARMEN
840 1426 993 1464 XXXI.

616 1529 674 1555 AD
701 1529 959 1559 APOLLINEM.

311 1611 430 1660 Qum
458 1612 684 1651 dedicatum
713 1614 839 1663 poscit
866 1616 1094 1664 Apollinem

310 1674 462 1712 Vates?
497 1675 594 1724 quid
621 1683 706 1714 orat
733 1677 785 1714 de
813 1685 945 1726 patera
973 1691 1121 1717 novum

364 1736 552 1774 Fundens
579 1737 805 1786 liquorem?
859 1739 954 1777 Non
981 1740 1139 1790 opimae

416 1797 619 1836 Sardiniae
646 1807 797 1849 segetes
824 1800 984 1849 feraces,

311 1858 405 1896 Non
431 1867 636 1898 aestuosae
661 1868 770 1910 grata
798 1862 1004 1902 Calabriae

309 1920 510 1966 Armenta,
540 1934 622 1959 non
649 1935 787 1960 aurum
814 1932 882 1962 aut
910 1924 1009 1963 ebur
1036 1927 1232 1975 Indicum,

365 1982 458 2020 Non
487 1996 584 2030 rura,
615 1997 716 2034 quae
746 1986 845 2024 Liris
872 1987 1004 2036 quieta

418 2044 578 2083 Mordet
604 2058 708 2095 aqua
735 2049 950 2086 taciturnus
977 2051 1117 2089 amnis.

311 2106 496 2143 Premant
523 2107 673 2146 Calena
700 2110 800 2148 falce
827 2111 971 2160 quibus
999 2113 1109 2150 dedit

311 2166 484 2205 Fortuna
511 2169 631 2207 vitem
645 2184 656 2217 ;
693 2171 804 2210 dives
831 2180 870 2210 et
897 2174 1025 2211 aureis

366 2229 561 2267 Mercator
588 2232 756 2270 exsiccet
783 2234 935 2271 culullis

415 2291 519 2328 Vina
547 2292 641 2346 Syra
668 2302 840 2344 reparata
869 2309 1012 2343 merce,

1360 157 1413 197 57

1375 396 1413 427 ¹5

1371 2193 1407 2214 10
